<?xml version='1.0' encoding='UTF-8'?>
<Document xmlns:xsi="http://www.w3.org/2001/XMLSchema-instance" xmlns:xsd="http://www.w3.org/2001/XMLSchema" xmlns="urn:iso:std:iso:20022:tech:xsd:pain.008.001.02">
  <CstmrDrctDbtInitn>
    <GrpHdr>
      <MsgId>MUT202506100033</MsgId>
      <CreDtTm>2025-06-25T11:19:58</CreDtTm>
      <NbOfTxs>34</NbOfTxs>
      <CtrlSum>3397.96</CtrlSum>
      <InitgPty>
        <Nm>Mutuelle Mutest</Nm>
      </InitgPty>
    </GrpHdr>
    <PmtInf>
      <PmtInfId>MUT202506100033</PmtInfId>
      <PmtMtd>DD</PmtMtd>
      <BtchBookg>false</BtchBookg>
      <NbOfTxs>34</NbOfTxs>
      <CtrlSum>3397.96</CtrlSum>
      <PmtTpInf>
        <SvcLvl>
          <Cd>SEPA</Cd>
        </SvcLvl>
        <LclInstrm>
          <Cd>CORE</Cd>
        </LclInstrm>
        <SeqTp>RCUR</SeqTp>
      </PmtTpInf>
      <ReqdColltnDt>2025-06-05</ReqdColltnDt>
      <Cdtr>
        <Nm>Mutuelle Mutest</Nm>
      </Cdtr>
      <CdtrAcct>
        <Id>
          <IBAN>FR7615135090170877134766219</IBAN>
        </Id>
      </CdtrAcct>
      <CdtrAgt>
        <FinInstnId>
          <BIC>CEPAFRPP513</BIC>
        </FinInstnId>
      </CdtrAgt>
      <ChrgBr>SLEV</ChrgBr>
      <CdtrSchmeId>
        <Id>
          <PrvtId>
            <Othr>
              <Id>FR86MUT256676</Id>
              <SchmeNm>
                <Prtry>SEPA</Prtry>
              </SchmeNm>
            </Othr>
          </PrvtId>
        </Id>
      </CdtrSchmeId>
      <DrctDbtTxInf>
        <PmtId>
          <InstrId>POdO2506100410182386ddaf7e30380</InstrId>
          <EndToEndId>POdO2506100410182386ddaf7e30380</EndToEndId>
        </PmtId>
        <InstdAmt Ccy="EUR">12.60</InstdAmt>
        <DrctDbtTx>
          <MndtRltdInf>
            <MndtId>UMR-VJ30QH89071O</MndtId>
            <DtOfSgntr>2024-02-12</DtOfSgntr>
            <AmdmntInd>true</AmdmntInd>
            <AmdmntInfDtls>
              <OrgnlDbtrAcct>
                <Id>
                  <IBAN>FR7616958000015412183082985</IBAN>
                </Id>
              </OrgnlDbtrAcct>
            </AmdmntInfDtls>
          </MndtRltdInf>
        </DrctDbtTx>
        <DbtrAgt>
          <FinInstnId>
            <BIC>QNTOFRP1</BIC>
          </FinInstnId>
        </DbtrAgt>
        <Dbtr>
          <Nm>Makayla Saunders</Nm>
        </Dbtr>
        <DbtrAcct>
          <Id>
            <IBAN>PT47070823367836523433144</IBAN>
          </Id>
        </DbtrAcct>
        <RmtInf>
          <Ustrd>Cotisation - Mensuel - Juin/2025 - T108527 - U10005907 - Capital Décès Accidentel</Ustrd>
        </RmtInf>
      </DrctDbtTxInf>
      <DrctDbtTxInf>
        <PmtId>
          <InstrId>POcW250610041015157958d7f070371</InstrId>
          <EndToEndId>POcW250610041015157958d7f070371</EndToEndId>
        </PmtId>
        <InstdAmt Ccy="EUR">58.56</InstdAmt>
        <DrctDbtTx>
          <MndtRltdInf>
            <MndtId>UMR-AMUBBDDHS1B5</MndtId>
            <DtOfSgntr>2025-05-28</DtOfSgntr>
          </MndtRltdInf>
        </DrctDbtTx>
        <DbtrAgt>
          <FinInstnId>
            <BIC>FPELFR21XXX</BIC>
          </FinInstnId>
        </DbtrAgt>
        <Dbtr>
          <Nm>Mary Hubbard</Nm>
        </Dbtr>
        <DbtrAcct>
          <Id>
            <IBAN>BE33491422990933711348883</IBAN>
          </Id>
        </DbtrAcct>
        <RmtInf>
          <Ustrd>Cotisation - Mensuel - Juin/2025 - T112880 - U10010554 - GLOBAL 100 SANTE DIRECTE DEFENSE CONQUETE</Ustrd>
        </RmtInf>
      </DrctDbtTxInf>
      <DrctDbtTxInf>
        <PmtId>
          <InstrId>POyV2506100410173654b25e4370378</InstrId>
          <EndToEndId>POyV2506100410173654b25e4370378</EndToEndId>
        </PmtId>
        <InstdAmt Ccy="EUR">2.52</InstdAmt>
        <DrctDbtTx>
          <MndtRltdInf>
            <MndtId>UMR-UWFT738OPMMJ</MndtId>
            <DtOfSgntr>2025-05-28</DtOfSgntr>
          </MndtRltdInf>
        </DrctDbtTx>
        <DbtrAgt>
          <FinInstnId>
            <BIC>FPELFR21XXX</BIC>
          </FinInstnId>
        </DbtrAgt>
        <Dbtr>
          <Nm>Tracey Dean</Nm>
        </Dbtr>
        <DbtrAcct>
          <Id>
            <IBAN>BE03388582204262861951597</IBAN>
          </Id>
        </DbtrAcct>
        <RmtInf>
          <Ustrd>Cotisation - Mensuel - Juin/2025 - T112880 - U10010555 - Capital Décès Accidentel</Ustrd>
        </RmtInf>
      </DrctDbtTxInf>
      <DrctDbtTxInf>
        <PmtId>
          <InstrId>POoB2506100410153136ed1ee210372</InstrId>
          <EndToEndId>POoB2506100410153136ed1ee210372</EndToEndId>
        </PmtId>
        <InstdAmt Ccy="EUR">1.39</InstdAmt>
        <DrctDbtTx>
          <MndtRltdInf>
            <MndtId>UMR-3OL1DQ5L3GXT</MndtId>
            <DtOfSgntr>2025-05-28</DtOfSgntr>
          </MndtRltdInf>
        </DrctDbtTx>
        <DbtrAgt>
          <FinInstnId>
            <BIC>FPELFR21XXX</BIC>
          </FinInstnId>
        </DbtrAgt>
        <Dbtr>
          <Nm>John Miller</Nm>
        </Dbtr>
        <DbtrAcct>
          <Id>
            <IBAN>PT59127607717882231738926</IBAN>
          </Id>
        </DbtrAcct>
        <RmtInf>
          <Ustrd>Cotisation - Mensuel - Juin/2025 - T112880 - U10010556 - IJHA</Ustrd>
        </RmtInf>
      </DrctDbtTxInf>
      <DrctDbtTxInf>
        <PmtId>
          <InstrId>POvR25061004102035724a61ff80384</InstrId>
          <EndToEndId>POvR25061004102035724a61ff80384</EndToEndId>
        </PmtId>
        <InstdAmt Ccy="EUR">237.36</InstdAmt>
        <DrctDbtTx>
          <MndtRltdInf>
            <MndtId>UMR-9YA303I09AU2</MndtId>
            <DtOfSgntr>2025-04-17</DtOfSgntr>
          </MndtRltdInf>
        </DrctDbtTx>
        <DbtrAgt>
          <FinInstnId>
            <BIC>BNPAFRPPXXX</BIC>
          </FinInstnId>
        </DbtrAgt>
        <Dbtr>
          <Nm>Jonathan Jones</Nm>
        </Dbtr>
        <DbtrAcct>
          <Id>
            <IBAN>ES11548691322507044314602</IBAN>
          </Id>
        </DbtrAcct>
        <RmtInf>
          <Ustrd>Cotisation - Mensuel - Juin/2025 - B107970 - U10010183 - EVOLUTIS</Ustrd>
        </RmtInf>
      </DrctDbtTxInf>
      <DrctDbtTxInf>
        <PmtId>
          <InstrId>POmM25061004093537708afe4570364</InstrId>
          <EndToEndId>POmM25061004093537708afe4570364</EndToEndId>
        </PmtId>
        <InstdAmt Ccy="EUR">154.72</InstdAmt>
        <DrctDbtTx>
          <MndtRltdInf>
            <MndtId>UMR-ZG7KMLBGO1CK</MndtId>
            <DtOfSgntr>2020-06-08</DtOfSgntr>
            <AmdmntInd>true</AmdmntInd>
            <AmdmntInfDtls>
              <OrgnlDbtrAcct>
                <Id>
                  <IBAN>FR7614707000253251936225818</IBAN>
                </Id>
              </OrgnlDbtrAcct>
            </AmdmntInfDtls>
          </MndtRltdInf>
        </DrctDbtTx>
        <DbtrAgt>
          <FinInstnId>
            <BIC>CCBPFRPPMTZ</BIC>
          </FinInstnId>
        </DbtrAgt>
        <Dbtr>
          <Nm>Valerie Hill</Nm>
        </Dbtr>
        <DbtrAcct>
          <Id>
            <IBAN>IT50622165423464963548499</IBAN>
          </Id>
        </DbtrAcct>
        <RmtInf>
          <Ustrd>Cotisation - Mensuel - Juin/2025 - B111223 - J10005809 - FACIL SANTE +</Ustrd>
        </RmtInf>
      </DrctDbtTxInf>
      <DrctDbtTxInf>
        <PmtId>
          <InstrId>POsC2506100410115662f9675810369</InstrId>
          <EndToEndId>POsC2506100410115662f9675810369</EndToEndId>
        </PmtId>
        <InstdAmt Ccy="EUR">7.96</InstdAmt>
        <DrctDbtTx>
          <MndtRltdInf>
            <MndtId>UMR-TPQJQ7O2LLFM</MndtId>
            <DtOfSgntr>2013-11-12</DtOfSgntr>
            <AmdmntInd>true</AmdmntInd>
            <AmdmntInfDtls>
              <OrgnlDbtrAcct>
                <Id>
                  <IBAN>FR7640618803230004097084046</IBAN>
                </Id>
              </OrgnlDbtrAcct>
            </AmdmntInfDtls>
          </MndtRltdInf>
        </DrctDbtTx>
        <DbtrAgt>
          <FinInstnId>
            <BIC>BOUSFRPP</BIC>
          </FinInstnId>
        </DbtrAgt>
        <Dbtr>
          <Nm>Jessica Brooks</Nm>
        </Dbtr>
        <DbtrAcct>
          <Id>
            <IBAN>PT15038636810133518408458</IBAN>
          </Id>
        </DbtrAcct>
        <RmtInf>
          <Ustrd>Cotisation - Mensuel - Juin/2025 - B115814 - J10015654 - IJHA MUTEST DIRECTE</Ustrd>
        </RmtInf>
      </DrctDbtTxInf>
      <DrctDbtTxInf>
        <PmtId>
          <InstrId>POyT250610041010337b42254eb0368</InstrId>
          <EndToEndId>POyT250610041010337b42254eb0368</EndToEndId>
        </PmtId>
        <InstdAmt Ccy="EUR">7.20</InstdAmt>
        <DrctDbtTx>
          <MndtRltdInf>
            <MndtId>UMR-0M6K0ZFWADJK</MndtId>
            <DtOfSgntr>2013-11-12</DtOfSgntr>
            <AmdmntInd>true</AmdmntInd>
            <AmdmntInfDtls>
              <OrgnlDbtrAcct>
                <Id>
                  <IBAN>FR7640618803230004097084046</IBAN>
                </Id>
              </OrgnlDbtrAcct>
            </AmdmntInfDtls>
          </MndtRltdInf>
        </DrctDbtTx>
        <DbtrAgt>
          <FinInstnId>
            <BIC>BOUSFRPP</BIC>
          </FinInstnId>
        </DbtrAgt>
        <Dbtr>
          <Nm>Melanie Russell</Nm>
        </Dbtr>
        <DbtrAcct>
          <Id>
            <IBAN>IT33783998071009516811145</IBAN>
          </Id>
        </DbtrAcct>
        <RmtInf>
          <Ustrd>Cotisation - Mensuel - Juin/2025 - B115814 - J10015655 - CDA MUTEST DIRECTE</Ustrd>
        </RmtInf>
      </DrctDbtTxInf>
      <DrctDbtTxInf>
        <PmtId>
          <InstrId>PObU25061004102193576e23f5b0392</InstrId>
          <EndToEndId>PObU25061004102193576e23f5b0392</EndToEndId>
        </PmtId>
        <InstdAmt Ccy="EUR">57.80</InstdAmt>
        <DrctDbtTx>
          <MndtRltdInf>
            <MndtId>UMR-FY6TEBMVQZDF</MndtId>
            <DtOfSgntr>2025-06-05</DtOfSgntr>
          </MndtRltdInf>
        </DrctDbtTx>
        <DbtrAgt>
          <FinInstnId>
            <BIC>CCBPFRPPMTZ</BIC>
          </FinInstnId>
        </DbtrAgt>
        <Dbtr>
          <Nm>Steven George</Nm>
        </Dbtr>
        <DbtrAcct>
          <Id>
            <IBAN>ES17377631359581915768580</IBAN>
          </Id>
        </DbtrAcct>
        <RmtInf>
          <Ustrd>Cotisation - Mensuel - Juin/2025 - T112915 - U10010606 - MODULO AGENTS HOSPITALIERS 100 SANTE</Ustrd>
        </RmtInf>
      </DrctDbtTxInf>
      <DrctDbtTxInf>
        <PmtId>
          <InstrId>POzV250610041021219a18f18e00386</InstrId>
          <EndToEndId>POzV250610041021219a18f18e00386</EndToEndId>
        </PmtId>
        <InstdAmt Ccy="EUR">271.25</InstdAmt>
        <DrctDbtTx>
          <MndtRltdInf>
            <MndtId>UMR-LNEHYOSPLT7K</MndtId>
            <DtOfSgntr>2024-10-18</DtOfSgntr>
            <AmdmntInd>true</AmdmntInd>
            <AmdmntInfDtls>
              <OrgnlDbtrAcct>
                <Id>
                  <IBAN>FR7617206000414379572201041</IBAN>
                </Id>
              </OrgnlDbtrAcct>
            </AmdmntInfDtls>
          </MndtRltdInf>
        </DrctDbtTx>
        <DbtrAgt>
          <FinInstnId>
            <BIC>AGRIFRPP872</BIC>
          </FinInstnId>
        </DbtrAgt>
        <Dbtr>
          <Nm>Natalie Lewis</Nm>
        </Dbtr>
        <DbtrAcct>
          <Id>
            <IBAN>ES81409625739181229643442</IBAN>
          </Id>
        </DbtrAcct>
        <RmtInf>
          <Ustrd>Cotisation - Mensuel - Juin/2025 - T111223 - U10008002 - GLOBAL 100 SANTE DIRECTE DEFENSE CONQUETE</Ustrd>
        </RmtInf>
      </DrctDbtTxInf>
      <DrctDbtTxInf>
        <PmtId>
          <InstrId>POqF250610041020204556b18bf0382</InstrId>
          <EndToEndId>POqF250610041020204556b18bf0382</EndToEndId>
        </PmtId>
        <InstdAmt Ccy="EUR">1.39</InstdAmt>
        <DrctDbtTx>
          <MndtRltdInf>
            <MndtId>UMR-QKL68KOWUE85</MndtId>
            <DtOfSgntr>2013-11-12</DtOfSgntr>
            <AmdmntInd>true</AmdmntInd>
            <AmdmntInfDtls>
              <OrgnlDbtrAcct>
                <Id>
                  <IBAN>FR7630087330050001049160103</IBAN>
                </Id>
              </OrgnlDbtrAcct>
            </AmdmntInfDtls>
          </MndtRltdInf>
        </DrctDbtTx>
        <DbtrAgt>
          <FinInstnId>
            <BIC>CMCIFRPPXXX</BIC>
          </FinInstnId>
        </DbtrAgt>
        <Dbtr>
          <Nm>Jesus Miller</Nm>
        </Dbtr>
        <DbtrAcct>
          <Id>
            <IBAN>PT59230726750821833432812</IBAN>
          </Id>
        </DbtrAcct>
        <RmtInf>
          <Ustrd>Cotisation - Mensuel - Juin/2025 - B123866 - U10010568 - IJHA</Ustrd>
        </RmtInf>
      </DrctDbtTxInf>
      <DrctDbtTxInf>
        <PmtId>
          <InstrId>POtM25061004101647147c97d910376</InstrId>
          <EndToEndId>POtM25061004101647147c97d910376</EndToEndId>
        </PmtId>
        <InstdAmt Ccy="EUR">2.52</InstdAmt>
        <DrctDbtTx>
          <MndtRltdInf>
            <MndtId>UMR-HB8JIJDP1JMR</MndtId>
            <DtOfSgntr>2013-11-12</DtOfSgntr>
            <AmdmntInd>true</AmdmntInd>
            <AmdmntInfDtls>
              <OrgnlDbtrAcct>
                <Id>
                  <IBAN>FR7630087330050001049160103</IBAN>
                </Id>
              </OrgnlDbtrAcct>
            </AmdmntInfDtls>
          </MndtRltdInf>
        </DrctDbtTx>
        <DbtrAgt>
          <FinInstnId>
            <BIC>CMCIFRPPXXX</BIC>
          </FinInstnId>
        </DbtrAgt>
        <Dbtr>
          <Nm>Mrs. Julie Powell</Nm>
        </Dbtr>
        <DbtrAcct>
          <Id>
            <IBAN>ES89471705409325979909726</IBAN>
          </Id>
        </DbtrAcct>
        <RmtInf>
          <Ustrd>Cotisation - Mensuel - Juin/2025 - B123866 - U10010600 - Capital Décès Accidentel</Ustrd>
        </RmtInf>
      </DrctDbtTxInf>
      <DrctDbtTxInf>
        <PmtId>
          <InstrId>POyK2506100410217644096c7fc0391</InstrId>
          <EndToEndId>POyK2506100410217644096c7fc0391</EndToEndId>
        </PmtId>
        <InstdAmt Ccy="EUR">53.28</InstdAmt>
        <DrctDbtTx>
          <MndtRltdInf>
            <MndtId>UMR-T5WI5I0ZO4IQ</MndtId>
            <DtOfSgntr>2025-06-02</DtOfSgntr>
          </MndtRltdInf>
        </DrctDbtTx>
        <DbtrAgt>
          <FinInstnId>
            <BIC>CMCIFRPP</BIC>
          </FinInstnId>
        </DbtrAgt>
        <Dbtr>
          <Nm>Danny Kennedy</Nm>
        </Dbtr>
        <DbtrAcct>
          <Id>
            <IBAN>ES86032587263666131737675</IBAN>
          </Id>
        </DbtrAcct>
        <RmtInf>
          <Ustrd>Cotisation - Mensuel - Juin/2025 - T112900 - U10010581 - GLOBAL 100 SANTE DIRECTE DEFENSE CONQUETE</Ustrd>
        </RmtInf>
      </DrctDbtTxInf>
      <DrctDbtTxInf>
        <PmtId>
          <InstrId>POjM250610040935815a11745210365</InstrId>
          <EndToEndId>POjM250610040935815a11745210365</EndToEndId>
        </PmtId>
        <InstdAmt Ccy="EUR">72.56</InstdAmt>
        <DrctDbtTx>
          <MndtRltdInf>
            <MndtId>UMR-H0MZU8ZITXIS</MndtId>
            <DtOfSgntr>2024-01-09</DtOfSgntr>
            <AmdmntInd>true</AmdmntInd>
            <AmdmntInfDtls>
              <OrgnlDbtrAcct>
                <Id>
                  <IBAN>FR7615135090170403295879159</IBAN>
                </Id>
              </OrgnlDbtrAcct>
            </AmdmntInfDtls>
          </MndtRltdInf>
        </DrctDbtTx>
        <DbtrAgt>
          <FinInstnId>
            <BIC>CEPAFRPP513</BIC>
          </FinInstnId>
        </DbtrAgt>
        <Dbtr>
          <Nm>Joshua Rivers</Nm>
        </Dbtr>
        <DbtrAcct>
          <Id>
            <IBAN>ES88333937706988874826781</IBAN>
          </Id>
        </DbtrAcct>
        <RmtInf>
          <Ustrd>Cotisation - Mensuel - Juin/2025 - B133703 - J10007519 - GLOBAL 100 SANTE DIRECTE DEFENSE CONQUETE</Ustrd>
        </RmtInf>
      </DrctDbtTxInf>
      <DrctDbtTxInf>
        <PmtId>
          <InstrId>POrZ250610041021399d9b6124e0388</InstrId>
          <EndToEndId>POrZ250610041021399d9b6124e0388</EndToEndId>
        </PmtId>
        <InstdAmt Ccy="EUR">336.31</InstdAmt>
        <DrctDbtTx>
          <MndtRltdInf>
            <MndtId>UMR-RRUW9CG04XSC</MndtId>
            <DtOfSgntr>2025-04-22</DtOfSgntr>
          </MndtRltdInf>
        </DrctDbtTx>
        <DbtrAgt>
          <FinInstnId>
            <BIC>CCBPFRPPMTZ</BIC>
          </FinInstnId>
        </DbtrAgt>
        <Dbtr>
          <Nm>Erin Smith</Nm>
        </Dbtr>
        <DbtrAcct>
          <Id>
            <IBAN>ES18113771446900796911053</IBAN>
          </Id>
        </DbtrAcct>
        <RmtInf>
          <Ustrd>Cotisation - Mensuel - Juin/2025 - B137001 - U10010208 - EVOLUTIS</Ustrd>
        </RmtInf>
      </DrctDbtTxInf>
      <DrctDbtTxInf>
        <PmtId>
          <InstrId>POjY250610041015346e1dad8bc0373</InstrId>
          <EndToEndId>POjY250610041015346e1dad8bc0373</EndToEndId>
        </PmtId>
        <InstdAmt Ccy="EUR">7.16</InstdAmt>
        <DrctDbtTx>
          <MndtRltdInf>
            <MndtId>UMR-D2EQ55GMMH5Z</MndtId>
            <DtOfSgntr>2020-12-17</DtOfSgntr>
            <AmdmntInd>true</AmdmntInd>
            <AmdmntInfDtls>
              <OrgnlDbtrAcct>
                <Id>
                  <IBAN>FR7630568199180001089860860</IBAN>
                </Id>
              </OrgnlDbtrAcct>
            </AmdmntInfDtls>
          </MndtRltdInf>
        </DrctDbtTx>
        <DbtrAgt>
          <FinInstnId>
            <BIC>CMCIFRPPXXX</BIC>
          </FinInstnId>
        </DbtrAgt>
        <Dbtr>
          <Nm>Kristy Lowery</Nm>
        </Dbtr>
        <DbtrAcct>
          <Id>
            <IBAN>BE45470663268969660772961</IBAN>
          </Id>
        </DbtrAcct>
        <RmtInf>
          <Ustrd>Cotisation - Mensuel - Juin/2025 - T108228 - J10018086 - CDA MUTEST DIRECTE</Ustrd>
        </RmtInf>
      </DrctDbtTxInf>
      <DrctDbtTxInf>
        <PmtId>
          <InstrId>POsC250610040946612b033da540367</InstrId>
          <EndToEndId>POsC250610040946612b033da540367</EndToEndId>
        </PmtId>
        <InstdAmt Ccy="EUR">119.36</InstdAmt>
        <DrctDbtTx>
          <MndtRltdInf>
            <MndtId>UMR-BQEI208FTXD5</MndtId>
            <DtOfSgntr>2013-11-12</DtOfSgntr>
            <AmdmntInd>true</AmdmntInd>
            <AmdmntInfDtls>
              <OrgnlDbtrAcct>
                <Id>
                  <IBAN>FR7615135090170437830354890</IBAN>
                </Id>
              </OrgnlDbtrAcct>
            </AmdmntInfDtls>
          </MndtRltdInf>
        </DrctDbtTx>
        <DbtrAgt>
          <FinInstnId>
            <BIC>CEPAFRPP513</BIC>
          </FinInstnId>
        </DbtrAgt>
        <Dbtr>
          <Nm>Amy Mills</Nm>
        </Dbtr>
        <DbtrAcct>
          <Id>
            <IBAN>ES42119282389359529939763</IBAN>
          </Id>
        </DbtrAcct>
        <RmtInf>
          <Ustrd>Cotisation - Trimestriel - Avril/2025 - B141925 - J10010318 - EVOLUTIS</Ustrd>
        </RmtInf>
      </DrctDbtTxInf>
      <DrctDbtTxInf>
        <PmtId>
          <InstrId>PObM2506100409348498f6760710363</InstrId>
          <EndToEndId>PObM2506100409348498f6760710363</EndToEndId>
        </PmtId>
        <InstdAmt Ccy="EUR">90.07</InstdAmt>
        <DrctDbtTx>
          <MndtRltdInf>
            <MndtId>UMR-Q6OGDIB2IA2C</MndtId>
            <DtOfSgntr>2016-01-11</DtOfSgntr>
            <AmdmntInd>true</AmdmntInd>
            <AmdmntInfDtls>
              <OrgnlDbtrAcct>
                <Id>
                  <IBAN>FR7617206000299304570157112</IBAN>
                </Id>
              </OrgnlDbtrAcct>
            </AmdmntInfDtls>
          </MndtRltdInf>
        </DrctDbtTx>
        <DbtrAgt>
          <FinInstnId>
            <BIC>AGRIFRPP872</BIC>
          </FinInstnId>
        </DbtrAgt>
        <Dbtr>
          <Nm>Jonathan Roth</Nm>
        </Dbtr>
        <DbtrAcct>
          <Id>
            <IBAN>ES67458429261958465707410</IBAN>
          </Id>
        </DbtrAcct>
        <RmtInf>
          <Ustrd>Cotisation - Mensuel - Juin/2025 - B143755 - J10004290 - MEDIA JEUNES</Ustrd>
        </RmtInf>
      </DrctDbtTxInf>
      <DrctDbtTxInf>
        <PmtId>
          <InstrId>POrO2506100410156611d41e93c0375</InstrId>
          <EndToEndId>POrO2506100410156611d41e93c0375</EndToEndId>
        </PmtId>
        <InstdAmt Ccy="EUR">130.07</InstdAmt>
        <DrctDbtTx>
          <MndtRltdInf>
            <MndtId>UMR-BF3DLQMMWS8M</MndtId>
            <DtOfSgntr>2025-06-03</DtOfSgntr>
          </MndtRltdInf>
        </DrctDbtTx>
        <DbtrAgt>
          <FinInstnId>
            <BIC>AGRIFRPP872</BIC>
          </FinInstnId>
        </DbtrAgt>
        <Dbtr>
          <Nm>Rodney Santos</Nm>
        </Dbtr>
        <DbtrAcct>
          <Id>
            <IBAN>IT22921314034122483650987</IBAN>
          </Id>
        </DbtrAcct>
        <RmtInf>
          <Ustrd>Cotisation - Mensuel - Juin/2025 - B147028 - U10010625 - GLOBAL 100 SANTE DIRECTE</Ustrd>
        </RmtInf>
      </DrctDbtTxInf>
      <DrctDbtTxInf>
        <PmtId>
          <InstrId>POrC25061004101475150950b570370</InstrId>
          <EndToEndId>POrC25061004101475150950b570370</EndToEndId>
        </PmtId>
        <InstdAmt Ccy="EUR">319.46</InstdAmt>
        <DrctDbtTx>
          <MndtRltdInf>
            <MndtId>UMR-Y0FV5ANIIGMZ</MndtId>
            <DtOfSgntr>2025-02-21</DtOfSgntr>
            <AmdmntInd>true</AmdmntInd>
            <AmdmntInfDtls>
              <OrgnlDbtrAcct>
                <Id>
                  <IBAN>FR7628233000019196255720130</IBAN>
                </Id>
              </OrgnlDbtrAcct>
            </AmdmntInfDtls>
          </MndtRltdInf>
        </DrctDbtTx>
        <DbtrAgt>
          <FinInstnId>
            <BIC>REVOFRP2</BIC>
          </FinInstnId>
        </DbtrAgt>
        <Dbtr>
          <Nm>Donna Rodgers</Nm>
        </Dbtr>
        <DbtrAcct>
          <Id>
            <IBAN>PT19393660037055985354666</IBAN>
          </Id>
        </DbtrAcct>
        <RmtInf>
          <Ustrd>Cotisation - Mensuel - Juin/2025 - T112187 - U10009384 - SENIOR SANTE</Ustrd>
        </RmtInf>
      </DrctDbtTxInf>
      <DrctDbtTxInf>
        <PmtId>
          <InstrId>PObL25061004102275510294d630393</InstrId>
          <EndToEndId>PObL25061004102275510294d630393</EndToEndId>
        </PmtId>
        <InstdAmt Ccy="EUR">98.19</InstdAmt>
        <DrctDbtTx>
          <MndtRltdInf>
            <MndtId>UMR-OJYDPB2JS69C</MndtId>
            <DtOfSgntr>2025-06-05</DtOfSgntr>
          </MndtRltdInf>
        </DrctDbtTx>
        <DbtrAgt>
          <FinInstnId>
            <BIC>CMCIFR2A</BIC>
          </FinInstnId>
        </DbtrAgt>
        <Dbtr>
          <Nm>Melissa Herrera</Nm>
        </Dbtr>
        <DbtrAcct>
          <Id>
            <IBAN>PT62094795053326792731586</IBAN>
          </Id>
        </DbtrAcct>
        <RmtInf>
          <Ustrd>Cotisation - Mensuel - Juin/2025 - B156802 - U10010611 - GLOBAL 100 SANTE DIRECTE DEFENSE CONQUETE</Ustrd>
        </RmtInf>
      </DrctDbtTxInf>
      <DrctDbtTxInf>
        <PmtId>
          <InstrId>POfI250610041015495b164154d0374</InstrId>
          <EndToEndId>POfI250610041015495b164154d0374</EndToEndId>
        </PmtId>
        <InstdAmt Ccy="EUR">80.44</InstdAmt>
        <DrctDbtTx>
          <MndtRltdInf>
            <MndtId>UMR-2SH09LZVZ1GY</MndtId>
            <DtOfSgntr>2022-04-26</DtOfSgntr>
            <AmdmntInd>true</AmdmntInd>
            <AmdmntInfDtls>
              <OrgnlDbtrAcct>
                <Id>
                  <IBAN>FR7630003023870005001357282</IBAN>
                </Id>
              </OrgnlDbtrAcct>
            </AmdmntInfDtls>
          </MndtRltdInf>
        </DrctDbtTx>
        <DbtrAgt>
          <FinInstnId>
            <BIC>SOGEFRPP</BIC>
          </FinInstnId>
        </DbtrAgt>
        <Dbtr>
          <Nm>Jessica Marquez</Nm>
        </Dbtr>
        <DbtrAcct>
          <Id>
            <IBAN>IT03688104020838812821363</IBAN>
          </Id>
        </DbtrAcct>
        <RmtInf>
          <Ustrd>Cotisation - Mensuel - Juin/2025 - B157047 - U10010574 - GLOBAL 100 SANTE DIRECTE DEFENSE CONQUETE</Ustrd>
        </RmtInf>
      </DrctDbtTxInf>
      <DrctDbtTxInf>
        <PmtId>
          <InstrId>POuJ250610041021494196599f70389</InstrId>
          <EndToEndId>POuJ250610041021494196599f70389</EndToEndId>
        </PmtId>
        <InstdAmt Ccy="EUR">77.67</InstdAmt>
        <DrctDbtTx>
          <MndtRltdInf>
            <MndtId>UMR-11B8R00BR9BU</MndtId>
            <DtOfSgntr>2025-04-22</DtOfSgntr>
            <AmdmntInd>true</AmdmntInd>
            <AmdmntInfDtls>
              <OrgnlDbtrAcct>
                <Id>
                  <IBAN>FR7610278018520001238284082</IBAN>
                </Id>
              </OrgnlDbtrAcct>
            </AmdmntInfDtls>
          </MndtRltdInf>
        </DrctDbtTx>
        <DbtrAgt>
          <FinInstnId>
            <BIC>CMCIFR2AXXX</BIC>
          </FinInstnId>
        </DbtrAgt>
        <Dbtr>
          <Nm>Jacqueline Hunt</Nm>
        </Dbtr>
        <DbtrAcct>
          <Id>
            <IBAN>PT58404151085623068992611</IBAN>
          </Id>
        </DbtrAcct>
        <RmtInf>
          <Ustrd>Cotisation - Mensuel - Juin/2025 - B159508 - U10010602 - SENIOR SANTE</Ustrd>
        </RmtInf>
      </DrctDbtTxInf>
      <DrctDbtTxInf>
        <PmtId>
          <InstrId>PObP250610040932173e70c49ca0360</InstrId>
          <EndToEndId>PObP250610040932173e70c49ca0360</EndToEndId>
        </PmtId>
        <InstdAmt Ccy="EUR">105.35</InstdAmt>
        <DrctDbtTx>
          <MndtRltdInf>
            <MndtId>UMR-4N9RUYO2GGJA</MndtId>
            <DtOfSgntr>2020-06-08</DtOfSgntr>
            <AmdmntInd>true</AmdmntInd>
            <AmdmntInfDtls>
              <OrgnlDbtrAcct>
                <Id>
                  <IBAN>FR7610278010100003030324085</IBAN>
                </Id>
              </OrgnlDbtrAcct>
            </AmdmntInfDtls>
          </MndtRltdInf>
        </DrctDbtTx>
        <DbtrAgt>
          <FinInstnId>
            <BIC>CMCIFR2AXXX</BIC>
          </FinInstnId>
        </DbtrAgt>
        <Dbtr>
          <Nm>Todd Williams</Nm>
        </Dbtr>
        <DbtrAcct>
          <Id>
            <IBAN>FR73490146576835257428643</IBAN>
          </Id>
        </DbtrAcct>
        <RmtInf>
          <Ustrd>Cotisation - Mensuel - Juin/2025 - B160088 - J10002574 - GLOBAL 100 SANTE DIRECTE DEFENSE CONQUETE</Ustrd>
        </RmtInf>
      </DrctDbtTxInf>
      <DrctDbtTxInf>
        <PmtId>
          <InstrId>POrW2506100409332250d0eb5df0361</InstrId>
          <EndToEndId>POrW2506100409332250d0eb5df0361</EndToEndId>
        </PmtId>
        <InstdAmt Ccy="EUR">111.18</InstdAmt>
        <DrctDbtTx>
          <MndtRltdInf>
            <MndtId>UMR-O72BOA6TDFIA</MndtId>
            <DtOfSgntr>2013-11-12</DtOfSgntr>
          </MndtRltdInf>
        </DrctDbtTx>
        <DbtrAgt>
          <FinInstnId>
            <BIC>SOGEFRPPXXX</BIC>
          </FinInstnId>
        </DbtrAgt>
        <Dbtr>
          <Nm>Lisa Smith</Nm>
        </Dbtr>
        <DbtrAcct>
          <Id>
            <IBAN>FR96900993581787572951242</IBAN>
          </Id>
        </DbtrAcct>
        <RmtInf>
          <Ustrd>Cotisation - Mensuel - Mai/2025 - B164408 - J10003320 - FACIL SANTE +</Ustrd>
        </RmtInf>
      </DrctDbtTxInf>
      <DrctDbtTxInf>
        <PmtId>
          <InstrId>POdL250610041017197dd6fbb70377</InstrId>
          <EndToEndId>POdL250610041017197dd6fbb70377</EndToEndId>
        </PmtId>
        <InstdAmt Ccy="EUR">185.78</InstdAmt>
        <DrctDbtTx>
          <MndtRltdInf>
            <MndtId>UMR-SCTO2MS0QUVH</MndtId>
            <DtOfSgntr>2025-05-28</DtOfSgntr>
          </MndtRltdInf>
        </DrctDbtTx>
        <DbtrAgt>
          <FinInstnId>
            <BIC>CMCIFR2A</BIC>
          </FinInstnId>
        </DbtrAgt>
        <Dbtr>
          <Nm>John Mccann</Nm>
        </Dbtr>
        <DbtrAcct>
          <Id>
            <IBAN>PT71575741634390228264109</IBAN>
          </Id>
        </DbtrAcct>
        <RmtInf>
          <Ustrd>Cotisation - Mensuel - Juin/2025 - T112881 - U10010557 - SENIOR SANTE</Ustrd>
        </RmtInf>
      </DrctDbtTxInf>
      <DrctDbtTxInf>
        <PmtId>
          <InstrId>POyT2506100410215879278cdba0390</InstrId>
          <EndToEndId>POyT2506100410215879278cdba0390</EndToEndId>
        </PmtId>
        <InstdAmt Ccy="EUR">197.15</InstdAmt>
        <DrctDbtTx>
          <MndtRltdInf>
            <MndtId>UMR-PMVV8OCOP233</MndtId>
            <DtOfSgntr>2025-05-26</DtOfSgntr>
          </MndtRltdInf>
        </DrctDbtTx>
        <DbtrAgt>
          <FinInstnId>
            <BIC>CMCIFR2AXXX</BIC>
          </FinInstnId>
        </DbtrAgt>
        <Dbtr>
          <Nm>Diana Decker</Nm>
        </Dbtr>
        <DbtrAcct>
          <Id>
            <IBAN>BE58638082872650702517519</IBAN>
          </Id>
        </DbtrAcct>
        <RmtInf>
          <Ustrd>Cotisation - Mensuel - Juin/2025 - B166775 - U10010569 - SENIOR SANTE</Ustrd>
        </RmtInf>
      </DrctDbtTxInf>
      <DrctDbtTxInf>
        <PmtId>
          <InstrId>POdC25061004093325414038b070362</InstrId>
          <EndToEndId>POdC25061004093325414038b070362</EndToEndId>
        </PmtId>
        <InstdAmt Ccy="EUR">90.29</InstdAmt>
        <DrctDbtTx>
          <MndtRltdInf>
            <MndtId>UMR-7QUX7YMWCJNB</MndtId>
            <DtOfSgntr>2013-11-12</DtOfSgntr>
            <AmdmntInd>true</AmdmntInd>
            <AmdmntInfDtls>
              <OrgnlDbtrAcct>
                <Id>
                  <IBAN>FR7618079681640278856534035</IBAN>
                </Id>
              </OrgnlDbtrAcct>
            </AmdmntInfDtls>
          </MndtRltdInf>
        </DrctDbtTx>
        <DbtrAgt>
          <FinInstnId>
            <BIC>CCDFFRPPXXX</BIC>
          </FinInstnId>
        </DbtrAgt>
        <Dbtr>
          <Nm>Eileen Evans</Nm>
        </Dbtr>
        <DbtrAcct>
          <Id>
            <IBAN>IT88085301120142201521953</IBAN>
          </Id>
        </DbtrAcct>
        <RmtInf>
          <Ustrd>Cotisation - Mensuel - Juin/2025 - B167616 - J10002871 - FACIL SANTE +</Ustrd>
        </RmtInf>
      </DrctDbtTxInf>
      <DrctDbtTxInf>
        <PmtId>
          <InstrId>POwR250610041021288e7dcbe930387</InstrId>
          <EndToEndId>POwR250610041021288e7dcbe930387</EndToEndId>
        </PmtId>
        <InstdAmt Ccy="EUR">39.63</InstdAmt>
        <DrctDbtTx>
          <MndtRltdInf>
            <MndtId>UMR-W732BPUYOG0Z</MndtId>
            <DtOfSgntr>2025-05-28</DtOfSgntr>
          </MndtRltdInf>
        </DrctDbtTx>
        <DbtrAgt>
          <FinInstnId>
            <BIC>CEPAFRPP444</BIC>
          </FinInstnId>
        </DbtrAgt>
        <Dbtr>
          <Nm>John Robinson DDS</Nm>
        </Dbtr>
        <DbtrAcct>
          <Id>
            <IBAN>DE66668101014218153670104</IBAN>
          </Id>
        </DbtrAcct>
        <RmtInf>
          <Ustrd>Cotisation - Mensuel - Juin/2025 - T112883 - U10010559 - GLOBAL 100 SANTE DIRECTE</Ustrd>
        </RmtInf>
      </DrctDbtTxInf>
      <DrctDbtTxInf>
        <PmtId>
          <InstrId>POiP2506100410175529eb0f30b0379</InstrId>
          <EndToEndId>POiP2506100410175529eb0f30b0379</EndToEndId>
        </PmtId>
        <InstdAmt Ccy="EUR">64.53</InstdAmt>
        <DrctDbtTx>
          <MndtRltdInf>
            <MndtId>UMR-VOJRSH65BQNQ</MndtId>
            <DtOfSgntr>2025-05-27</DtOfSgntr>
          </MndtRltdInf>
        </DrctDbtTx>
        <DbtrAgt>
          <FinInstnId>
            <BIC>BOUSFRPPXXX</BIC>
          </FinInstnId>
        </DbtrAgt>
        <Dbtr>
          <Nm>Jessica Jensen</Nm>
        </Dbtr>
        <DbtrAcct>
          <Id>
            <IBAN>FR28234550228042322313619</IBAN>
          </Id>
        </DbtrAcct>
        <RmtInf>
          <Ustrd>Cotisation - Mensuel - Juin/2025 - B168964 - U10010570 - SORTIE CSS</Ustrd>
        </RmtInf>
      </DrctDbtTxInf>
      <DrctDbtTxInf>
        <PmtId>
          <InstrId>POyR2506100409314106c1208940359</InstrId>
          <EndToEndId>POyR2506100409314106c1208940359</EndToEndId>
        </PmtId>
        <InstdAmt Ccy="EUR">58.63</InstdAmt>
        <DrctDbtTx>
          <MndtRltdInf>
            <MndtId>UMR-YU0T79R1PD06</MndtId>
            <DtOfSgntr>2013-11-12</DtOfSgntr>
            <AmdmntInd>true</AmdmntInd>
            <AmdmntInfDtls>
              <OrgnlDbtrAcct>
                <Id>
                  <IBAN>FR7630087330270002062050166</IBAN>
                </Id>
              </OrgnlDbtrAcct>
            </AmdmntInfDtls>
          </MndtRltdInf>
        </DrctDbtTx>
        <DbtrAgt>
          <FinInstnId>
            <BIC>CMCIFRPPXXX</BIC>
          </FinInstnId>
        </DbtrAgt>
        <Dbtr>
          <Nm>Mark Buchanan</Nm>
        </Dbtr>
        <DbtrAcct>
          <Id>
            <IBAN>ES74988688707305872177254</IBAN>
          </Id>
        </DbtrAcct>
        <RmtInf>
          <Ustrd>Cotisation - Mensuel - Juin/2025 - B173595 - J10000764 - POSEA NR</Ustrd>
        </RmtInf>
      </DrctDbtTxInf>
      <DrctDbtTxInf>
        <PmtId>
          <InstrId>POaF2506100409359913047c1330366</InstrId>
          <EndToEndId>POaF2506100409359913047c1330366</EndToEndId>
        </PmtId>
        <InstdAmt Ccy="EUR">132.74</InstdAmt>
        <DrctDbtTx>
          <MndtRltdInf>
            <MndtId>UMR-NR5PCFHL84GO</MndtId>
            <DtOfSgntr>2017-01-13</DtOfSgntr>
            <AmdmntInd>true</AmdmntInd>
            <AmdmntInfDtls>
              <OrgnlDbtrAcct>
                <Id>
                  <IBAN>FR7610278018640006051620327</IBAN>
                </Id>
              </OrgnlDbtrAcct>
            </AmdmntInfDtls>
          </MndtRltdInf>
        </DrctDbtTx>
        <DbtrAgt>
          <FinInstnId>
            <BIC>CMCIFR2AXXX</BIC>
          </FinInstnId>
        </DbtrAgt>
        <Dbtr>
          <Nm>John Rodriguez</Nm>
        </Dbtr>
        <DbtrAcct>
          <Id>
            <IBAN>IT69142359866005710610666</IBAN>
          </Id>
        </DbtrAcct>
        <RmtInf>
          <Ustrd>Cotisation - Mensuel - Juin/2025 - B184997 - J10004542 - FACIL SANTE +</Ustrd>
        </RmtInf>
      </DrctDbtTxInf>
      <DrctDbtTxInf>
        <PmtId>
          <InstrId>POfN250610041020607689cef0d0385</InstrId>
          <EndToEndId>POfN250610041020607689cef0d0385</EndToEndId>
        </PmtId>
        <InstdAmt Ccy="EUR">165.37</InstdAmt>
        <DrctDbtTx>
          <MndtRltdInf>
            <MndtId>UMR-WWK9LITYRYLB</MndtId>
            <DtOfSgntr>2013-11-12</DtOfSgntr>
            <AmdmntInd>true</AmdmntInd>
            <AmdmntInfDtls>
              <OrgnlDbtrAcct>
                <Id>
                  <IBAN>FR7630003023770005031260495</IBAN>
                </Id>
              </OrgnlDbtrAcct>
            </AmdmntInfDtls>
          </MndtRltdInf>
        </DrctDbtTx>
        <DbtrAgt>
          <FinInstnId>
            <BIC>SOGEFRPP</BIC>
          </FinInstnId>
        </DbtrAgt>
        <Dbtr>
          <Nm>Chelsea Estrada</Nm>
        </Dbtr>
        <DbtrAcct>
          <Id>
            <IBAN>PT74866503557495343674180</IBAN>
          </Id>
        </DbtrAcct>
        <RmtInf>
          <Ustrd>Cotisation - Mensuel - Juin/2025 - B187150 - U10010563 - GLOBAL 100 SANTE DIRECTE DEFENSE CONQUETE</Ustrd>
        </RmtInf>
      </DrctDbtTxInf>
      <DrctDbtTxInf>
        <PmtId>
          <InstrId>POdP250610041019851f5c579ef0381</InstrId>
          <EndToEndId>POdP250610041019851f5c579ef0381</EndToEndId>
        </PmtId>
        <InstdAmt Ccy="EUR">47.47</InstdAmt>
        <DrctDbtTx>
          <MndtRltdInf>
            <MndtId>UMR-CEB17GD5H42F</MndtId>
            <DtOfSgntr>2018-02-19</DtOfSgntr>
            <AmdmntInd>true</AmdmntInd>
            <AmdmntInfDtls>
              <OrgnlDbtrAcct>
                <Id>
                  <IBAN>FR7610278012250001146370273</IBAN>
                </Id>
              </OrgnlDbtrAcct>
            </AmdmntInfDtls>
          </MndtRltdInf>
        </DrctDbtTx>
        <DbtrAgt>
          <FinInstnId>
            <BIC>CMCIFR2AXXX</BIC>
          </FinInstnId>
        </DbtrAgt>
        <Dbtr>
          <Nm>Matthew Mcdaniel</Nm>
        </Dbtr>
        <DbtrAcct>
          <Id>
            <IBAN>PT18172100725657806340507</IBAN>
          </Id>
        </DbtrAcct>
        <RmtInf>
          <Ustrd>Cotisation - Mensuel - Juin/2025 - B193522 - U10009194 - GLOBAL 100 SANTE DIRECTE DEFENSE CONQUETE</Ustrd>
        </RmtInf>
      </DrctDbtTxInf>
    </PmtInf>
  </CstmrDrctDbtInitn>
</Document>
