<?xml version='1.0' encoding='UTF-8'?>
<Document xmlns:xsi="http://www.w3.org/2001/XMLSchema-instance" xmlns:xsd="http://www.w3.org/2001/XMLSchema" xmlns="urn:iso:std:iso:20022:tech:xsd:pain.008.001.02">
  <CstmrDrctDbtInitn>
    <GrpHdr>
      <MsgId>MMC202507010242</MsgId>
      <CreDtTm>2025-07-01T04:41:30</CreDtTm>
      <NbOfTxs>9</NbOfTxs>
      <CtrlSum>1340.43</CtrlSum>
      <InitgPty>
        <Nm>MMC</Nm>
      </InitgPty>
    </GrpHdr>
    <PmtInf>
      <PmtInfId>MMC202507010242</PmtInfId>
      <PmtMtd>DD</PmtMtd>
      <BtchBookg>false</BtchBookg>
      <NbOfTxs>9</NbOfTxs>
      <CtrlSum>1340.43</CtrlSum>
      <PmtTpInf>
        <SvcLvl>
          <Cd>SEPA</Cd>
        </SvcLvl>
        <LclInstrm>
          <Cd>CORE</Cd>
        </LclInstrm>
        <SeqTp>RCUR</SeqTp>
      </PmtTpInf>
      <ReqdColltnDt>2025-07-15</ReqdColltnDt>
      <Cdtr>
        <Nm>MMC</Nm>
      </Cdtr>
      <CdtrAcct>
        <Id>
          <IBAN>FR6630002025550000060025J80</IBAN>
        </Id>
      </CdtrAcct>
      <CdtrAgt>
        <FinInstnId>
          <BIC>CRLYFRPP</BIC>
        </FinInstnId>
      </CdtrAgt>
      <ChrgBr>SLEV</ChrgBr>
      <CdtrSchmeId>
        <Id>
          <PrvtId>
            <Othr>
              <Id>FR82ZZZ331244</Id>
              <SchmeNm>
                <Prtry>SEPA</Prtry>
              </SchmeNm>
            </Othr>
          </PrvtId>
        </Id>
      </CdtrSchmeId>
      <DrctDbtTxInf>
        <PmtId>
          <InstrId>POvN250701044040591031e75794624</InstrId>
          <EndToEndId>POvN250701044040591031e75794624</EndToEndId>
        </PmtId>
        <InstdAmt Ccy="EUR">237.08</InstdAmt>
        <DrctDbtTx>
          <MndtRltdInf>
            <MndtId>UMR-TTAUOZBJBY0N</MndtId>
            <DtOfSgntr>2025-06-01</DtOfSgntr>
          </MndtRltdInf>
        </DrctDbtTx>
        <DbtrAgt>
          <FinInstnId>
            <BIC>AGRIFRPP825</BIC>
          </FinInstnId>
        </DbtrAgt>
        <Dbtr>
          <Nm>Heather Malone</Nm>
        </Dbtr>
        <DbtrAcct>
          <Id>
            <IBAN>ES47211987252155642661832</IBAN>
          </Id>
        </DbtrAcct>
        <RmtInf>
          <Ustrd>Cotisation - Mensuel - Juillet/2025 - C108325 - W10057532 - GLOBAL 100 SANTE DIRECTE DEFENSE</Ustrd>
        </RmtInf>
      </DrctDbtTxInf>
      <DrctDbtTxInf>
        <PmtId>
          <InstrId>POnS250701044040455beb86ed4622</InstrId>
          <EndToEndId>POnS250701044040455beb86ed4622</EndToEndId>
        </PmtId>
        <InstdAmt Ccy="EUR">298.00</InstdAmt>
        <DrctDbtTx>
          <MndtRltdInf>
            <MndtId>UMR-M2P43KMP3KNB</MndtId>
            <DtOfSgntr>2013-09-01</DtOfSgntr>
            <AmdmntInd>true</AmdmntInd>
            <AmdmntInfDtls>
              <OrgnlDbtrAcct>
                <Id>
                  <IBAN>FR7610278027220008483014016</IBAN>
                </Id>
              </OrgnlDbtrAcct>
            </AmdmntInfDtls>
          </MndtRltdInf>
        </DrctDbtTx>
        <DbtrAgt>
          <FinInstnId>
            <BIC>CMCIFR2AXXX</BIC>
          </FinInstnId>
        </DbtrAgt>
        <Dbtr>
          <Nm>Ryan Riley</Nm>
        </Dbtr>
        <DbtrAcct>
          <Id>
            <IBAN>BE85000669891080768500905</IBAN>
          </Id>
        </DbtrAcct>
        <RmtInf>
          <Ustrd>Cotisation - Mensuel - Juillet/2025 - E102689 - W10014252 - FNATH</Ustrd>
        </RmtInf>
      </DrctDbtTxInf>
      <DrctDbtTxInf>
        <PmtId>
          <InstrId>POnW25070104404095d3ef61ff4623</InstrId>
          <EndToEndId>POnW25070104404095d3ef61ff4623</EndToEndId>
        </PmtId>
        <InstdAmt Ccy="EUR">183.85</InstdAmt>
        <DrctDbtTx>
          <MndtRltdInf>
            <MndtId>UMR-VUEGSSZ56DYK</MndtId>
            <DtOfSgntr>2013-09-01</DtOfSgntr>
            <AmdmntInd>true</AmdmntInd>
            <AmdmntInfDtls>
              <OrgnlDbtrAcct>
                <Id>
                  <IBAN>FR7630003006720005076442383</IBAN>
                </Id>
              </OrgnlDbtrAcct>
            </AmdmntInfDtls>
          </MndtRltdInf>
        </DrctDbtTx>
        <DbtrAgt>
          <FinInstnId>
            <BIC>SOGEFRPP</BIC>
          </FinInstnId>
        </DbtrAgt>
        <Dbtr>
          <Nm>Gloria Jackson</Nm>
        </Dbtr>
        <DbtrAcct>
          <Id>
            <IBAN>PT22451770059031765162250</IBAN>
          </Id>
        </DbtrAcct>
        <RmtInf>
          <Ustrd>Cotisation - Mensuel - Juillet/2025 - E102845 - W10058807 - BOOMERS</Ustrd>
        </RmtInf>
      </DrctDbtTxInf>
      <DrctDbtTxInf>
        <PmtId>
          <InstrId>POnH2507010440406742fa871b4623</InstrId>
          <EndToEndId>POnH2507010440406742fa871b4623</EndToEndId>
        </PmtId>
        <InstdAmt Ccy="EUR">172.61</InstdAmt>
        <DrctDbtTx>
          <MndtRltdInf>
            <MndtId>UMR-0FJ1GQJ4TMFS</MndtId>
            <DtOfSgntr>2013-09-01</DtOfSgntr>
            <AmdmntInd>true</AmdmntInd>
            <AmdmntInfDtls>
              <OrgnlDbtrAcct>
                <Id>
                  <IBAN>FR7614690000011007171121039</IBAN>
                </Id>
              </OrgnlDbtrAcct>
            </AmdmntInfDtls>
          </MndtRltdInf>
        </DrctDbtTx>
        <DbtrAgt>
          <FinInstnId>
            <BIC>CMCIFRP1MON</BIC>
          </FinInstnId>
        </DbtrAgt>
        <Dbtr>
          <Nm>Shannon Norman</Nm>
        </Dbtr>
        <DbtrAcct>
          <Id>
            <IBAN>ES61609348007654296610914</IBAN>
          </Id>
        </DbtrAcct>
        <RmtInf>
          <Ustrd>Cotisation - Mensuel - Juillet/2025 - E104998 - W10058825 - BOOMERS</Ustrd>
        </RmtInf>
      </DrctDbtTxInf>
      <DrctDbtTxInf>
        <PmtId>
          <InstrId>POdO250701044040893e465da04623</InstrId>
          <EndToEndId>POdO250701044040893e465da04623</EndToEndId>
        </PmtId>
        <InstdAmt Ccy="EUR">149.00</InstdAmt>
        <DrctDbtTx>
          <MndtRltdInf>
            <MndtId>UMR-HCMFQ02VZSQB</MndtId>
            <DtOfSgntr>2013-09-01</DtOfSgntr>
            <AmdmntInd>true</AmdmntInd>
            <AmdmntInfDtls>
              <OrgnlDbtrAcct>
                <Id>
                  <IBAN>FR7610278027400004615890108</IBAN>
                </Id>
              </OrgnlDbtrAcct>
            </AmdmntInfDtls>
          </MndtRltdInf>
        </DrctDbtTx>
        <DbtrAgt>
          <FinInstnId>
            <BIC>CMCIFR2AXXX</BIC>
          </FinInstnId>
        </DbtrAgt>
        <Dbtr>
          <Nm>Gina Love</Nm>
        </Dbtr>
        <DbtrAcct>
          <Id>
            <IBAN>ES83169884679968217278158</IBAN>
          </Id>
        </DbtrAcct>
        <RmtInf>
          <Ustrd>Cotisation - Mensuel - Juillet/2025 - E106037 - W10014261 - FNATH</Ustrd>
        </RmtInf>
      </DrctDbtTxInf>
      <DrctDbtTxInf>
        <PmtId>
          <InstrId>POpZ25070104404047cde835654622</InstrId>
          <EndToEndId>POpZ25070104404047cde835654622</EndToEndId>
        </PmtId>
        <InstdAmt Ccy="EUR">149.00</InstdAmt>
        <DrctDbtTx>
          <MndtRltdInf>
            <MndtId>UMR-JYW51UAL4YOL</MndtId>
            <DtOfSgntr>2024-09-17</DtOfSgntr>
            <AmdmntInd>true</AmdmntInd>
            <AmdmntInfDtls>
              <OrgnlDbtrAcct>
                <Id>
                  <IBAN>FR7617206002645650090401072</IBAN>
                </Id>
              </OrgnlDbtrAcct>
            </AmdmntInfDtls>
          </MndtRltdInf>
        </DrctDbtTx>
        <DbtrAgt>
          <FinInstnId>
            <BIC>AGRIFRPP872</BIC>
          </FinInstnId>
        </DbtrAgt>
        <Dbtr>
          <Nm>Thomas Guzman</Nm>
        </Dbtr>
        <DbtrAcct>
          <Id>
            <IBAN>PT95963136760742549082595</IBAN>
          </Id>
        </DbtrAcct>
        <RmtInf>
          <Ustrd>Cotisation - Mensuel - Juillet/2025 - E109069 - M10011085 - FNATH</Ustrd>
        </RmtInf>
      </DrctDbtTxInf>
      <DrctDbtTxInf>
        <PmtId>
          <InstrId>POgE2507010440399990c4305db4621</InstrId>
          <EndToEndId>POgE2507010440399990c4305db4621</EndToEndId>
        </PmtId>
        <InstdAmt Ccy="EUR">60.84</InstdAmt>
        <DrctDbtTx>
          <MndtRltdInf>
            <MndtId>UMR-T9J7KGPGDKF6</MndtId>
            <DtOfSgntr>2025-02-01</DtOfSgntr>
            <AmdmntInd>true</AmdmntInd>
            <AmdmntInfDtls>
              <OrgnlDbtrAcct>
                <Id>
                  <IBAN>FR7612506700005651577491820</IBAN>
                </Id>
              </OrgnlDbtrAcct>
            </AmdmntInfDtls>
          </MndtRltdInf>
        </DrctDbtTx>
        <DbtrAgt>
          <FinInstnId>
            <BIC>AGRIFRPP825</BIC>
          </FinInstnId>
        </DbtrAgt>
        <Dbtr>
          <Nm>Jasmine James</Nm>
        </Dbtr>
        <DbtrAcct>
          <Id>
            <IBAN>IT64076790638014203845910</IBAN>
          </Id>
        </DbtrAcct>
        <RmtInf>
          <Ustrd>Cotisation - Mensuel - Juillet/2025 - C111265 - M10010947 - UDSP70</Ustrd>
        </RmtInf>
      </DrctDbtTxInf>
      <DrctDbtTxInf>
        <PmtId>
          <InstrId>POmZ25070104404022829bf1764622</InstrId>
          <EndToEndId>POmZ25070104404022829bf1764622</EndToEndId>
        </PmtId>
        <InstdAmt Ccy="EUR">2.13</InstdAmt>
        <DrctDbtTx>
          <MndtRltdInf>
            <MndtId>UMR-BD93XAK3KR2R</MndtId>
            <DtOfSgntr>2008-03-19</DtOfSgntr>
            <AmdmntInd>true</AmdmntInd>
            <AmdmntInfDtls>
              <OrgnlDbtrAcct>
                <Id>
                  <IBAN>FR7612506700005601079640729</IBAN>
                </Id>
              </OrgnlDbtrAcct>
            </AmdmntInfDtls>
          </MndtRltdInf>
        </DrctDbtTx>
        <DbtrAgt>
          <FinInstnId>
            <BIC>AGRIFRPP825</BIC>
          </FinInstnId>
        </DbtrAgt>
        <Dbtr>
          <Nm>Eric Lawson</Nm>
        </Dbtr>
        <DbtrAcct>
          <Id>
            <IBAN>IT35733857900192478322146</IBAN>
          </Id>
        </DbtrAcct>
        <RmtInf>
          <Ustrd>Cotisation - Mensuel - Juillet/2025 - E116305 - M10011864 - IJHA</Ustrd>
        </RmtInf>
      </DrctDbtTxInf>
      <DrctDbtTxInf>
        <PmtId>
          <InstrId>PObI25070104404011313274374621</InstrId>
          <EndToEndId>PObI25070104404011313274374621</EndToEndId>
        </PmtId>
        <InstdAmt Ccy="EUR">87.92</InstdAmt>
        <DrctDbtTx>
          <MndtRltdInf>
            <MndtId>UMR-FEDWYVIAMP71</MndtId>
            <DtOfSgntr>2015-12-11</DtOfSgntr>
            <AmdmntInd>true</AmdmntInd>
            <AmdmntInfDtls>
              <OrgnlDbtrAcct>
                <Id>
                  <IBAN>FR7612506700101811770001069</IBAN>
                </Id>
              </OrgnlDbtrAcct>
            </AmdmntInfDtls>
          </MndtRltdInf>
        </DrctDbtTx>
        <DbtrAgt>
          <FinInstnId>
            <BIC>AGRIFRPP825</BIC>
          </FinInstnId>
        </DbtrAgt>
        <Dbtr>
          <Nm>David Randall</Nm>
        </Dbtr>
        <DbtrAcct>
          <Id>
            <IBAN>PT83567974644312055688042</IBAN>
          </Id>
        </DbtrAcct>
        <RmtInf>
          <Ustrd>Cotisation - Mensuel - Juillet/2025 - E116979 - M10010991 - UDSP70</Ustrd>
        </RmtInf>
      </DrctDbtTxInf>
    </PmtInf>
  </CstmrDrctDbtInitn>
</Document>
