<?xml version='1.0' encoding='UTF-8'?>
<Document xmlns:xsi="http://www.w3.org/2001/XMLSchema-instance" xmlns:xsd="http://www.w3.org/2001/XMLSchema" xmlns="urn:iso:std:iso:20022:tech:xsd:pain.008.001.02">
  <CstmrDrctDbtInitn>
    <GrpHdr>
      <MsgId>MUT202506110033</MsgId>
      <CreDtTm>2025-06-11T22:33:16</CreDtTm>
      <NbOfTxs>43</NbOfTxs>
      <CtrlSum>5199.10</CtrlSum>
      <InitgPty>
        <Nm>Mutuelle Mutest</Nm>
      </InitgPty>
    </GrpHdr>
    <PmtInf>
      <PmtInfId>MUT202506110033</PmtInfId>
      <PmtMtd>DD</PmtMtd>
      <BtchBookg>false</BtchBookg>
      <NbOfTxs>43</NbOfTxs>
      <CtrlSum>5199.10</CtrlSum>
      <PmtTpInf>
        <SvcLvl>
          <Cd>SEPA</Cd>
        </SvcLvl>
        <LclInstrm>
          <Cd>CORE</Cd>
        </LclInstrm>
        <SeqTp>RCUR</SeqTp>
      </PmtTpInf>
      <ReqdColltnDt>2025-06-05</ReqdColltnDt>
      <Cdtr>
        <Nm>Mutuelle Mutest</Nm>
      </Cdtr>
      <CdtrAcct>
        <Id>
          <IBAN>FR7615135090170877134766219</IBAN>
        </Id>
      </CdtrAcct>
      <CdtrAgt>
        <FinInstnId>
          <BIC>CEPAFRPP513</BIC>
        </FinInstnId>
      </CdtrAgt>
      <ChrgBr>SLEV</ChrgBr>
      <CdtrSchmeId>
        <Id>
          <PrvtId>
            <Othr>
              <Id>FR86MUT256676</Id>
              <SchmeNm>
                <Prtry>SEPA</Prtry>
              </SchmeNm>
            </Othr>
          </PrvtId>
        </Id>
      </CdtrSchmeId>
      <DrctDbtTxInf>
        <PmtId>
          <InstrId>POvI25061122330595875ed3520374</InstrId>
          <EndToEndId>POvI25061122330595875ed3520374</EndToEndId>
        </PmtId>
        <InstdAmt Ccy="EUR">12.60</InstdAmt>
        <DrctDbtTx>
          <MndtRltdInf>
            <MndtId>UMR-77X9GRHEM610</MndtId>
            <DtOfSgntr>2024-02-12</DtOfSgntr>
            <AmdmntInd>true</AmdmntInd>
            <AmdmntInfDtls>
              <OrgnlDbtrAcct>
                <Id>
                  <IBAN>FR7616958000015412183082985</IBAN>
                </Id>
              </OrgnlDbtrAcct>
            </AmdmntInfDtls>
          </MndtRltdInf>
        </DrctDbtTx>
        <DbtrAgt>
          <FinInstnId>
            <BIC>QNTOFRP1</BIC>
          </FinInstnId>
        </DbtrAgt>
        <Dbtr>
          <Nm>Richard Dougherty</Nm>
        </Dbtr>
        <DbtrAcct>
          <Id>
            <IBAN>FR16793994451061971439368</IBAN>
          </Id>
        </DbtrAcct>
        <RmtInf>
          <Ustrd>Cotisation - Mensuel - Juin/2025 - T108527 - U10005907 - Capital Décès Accidentel</Ustrd>
        </RmtInf>
      </DrctDbtTxInf>
      <DrctDbtTxInf>
        <PmtId>
          <InstrId>POhX25061122330649177b106a90379</InstrId>
          <EndToEndId>POhX25061122330649177b106a90379</EndToEndId>
        </PmtId>
        <InstdAmt Ccy="EUR">58.56</InstdAmt>
        <DrctDbtTx>
          <MndtRltdInf>
            <MndtId>UMR-8FJYB8S46RUF</MndtId>
            <DtOfSgntr>2025-05-28</DtOfSgntr>
          </MndtRltdInf>
        </DrctDbtTx>
        <DbtrAgt>
          <FinInstnId>
            <BIC>FPELFR21XXX</BIC>
          </FinInstnId>
        </DbtrAgt>
        <Dbtr>
          <Nm>Theresa Wade</Nm>
        </Dbtr>
        <DbtrAcct>
          <Id>
            <IBAN>PT54675026697961530874199</IBAN>
          </Id>
        </DbtrAcct>
        <RmtInf>
          <Ustrd>Cotisation - Mensuel - Juin/2025 - T112880 - U10010554 - GLOBAL 100 SANTE DIRECTE DEFENSE CONQUETE</Ustrd>
        </RmtInf>
      </DrctDbtTxInf>
      <DrctDbtTxInf>
        <PmtId>
          <InstrId>POuW2506112233066709dbd18720380</InstrId>
          <EndToEndId>POuW2506112233066709dbd18720380</EndToEndId>
        </PmtId>
        <InstdAmt Ccy="EUR">2.52</InstdAmt>
        <DrctDbtTx>
          <MndtRltdInf>
            <MndtId>UMR-8VJIBRAA8P5C</MndtId>
            <DtOfSgntr>2025-05-28</DtOfSgntr>
          </MndtRltdInf>
        </DrctDbtTx>
        <DbtrAgt>
          <FinInstnId>
            <BIC>FPELFR21XXX</BIC>
          </FinInstnId>
        </DbtrAgt>
        <Dbtr>
          <Nm>Tyler Howard</Nm>
        </Dbtr>
        <DbtrAcct>
          <Id>
            <IBAN>FR30880625889601281573163</IBAN>
          </Id>
        </DbtrAcct>
        <RmtInf>
          <Ustrd>Cotisation - Mensuel - Juin/2025 - T112880 - U10010555 - Capital Décès Accidentel</Ustrd>
        </RmtInf>
      </DrctDbtTxInf>
      <DrctDbtTxInf>
        <PmtId>
          <InstrId>POkH25061122331085f6e7646e0390</InstrId>
          <EndToEndId>POkH25061122331085f6e7646e0390</EndToEndId>
        </PmtId>
        <InstdAmt Ccy="EUR">1.39</InstdAmt>
        <DrctDbtTx>
          <MndtRltdInf>
            <MndtId>UMR-XKCO48AI8SOG</MndtId>
            <DtOfSgntr>2025-05-28</DtOfSgntr>
          </MndtRltdInf>
        </DrctDbtTx>
        <DbtrAgt>
          <FinInstnId>
            <BIC>FPELFR21XXX</BIC>
          </FinInstnId>
        </DbtrAgt>
        <Dbtr>
          <Nm>David Lamb</Nm>
        </Dbtr>
        <DbtrAcct>
          <Id>
            <IBAN>IT16410771573432255675353</IBAN>
          </Id>
        </DbtrAcct>
        <RmtInf>
          <Ustrd>Cotisation - Mensuel - Juin/2025 - T112880 - U10010556 - IJHA</Ustrd>
        </RmtInf>
      </DrctDbtTxInf>
      <DrctDbtTxInf>
        <PmtId>
          <InstrId>POeG2506112233112629a657c100393</InstrId>
          <EndToEndId>POeG2506112233112629a657c100393</EndToEndId>
        </PmtId>
        <InstdAmt Ccy="EUR">237.36</InstdAmt>
        <DrctDbtTx>
          <MndtRltdInf>
            <MndtId>UMR-BVVZ3XCIWNFQ</MndtId>
            <DtOfSgntr>2025-04-17</DtOfSgntr>
          </MndtRltdInf>
        </DrctDbtTx>
        <DbtrAgt>
          <FinInstnId>
            <BIC>BNPAFRPPXXX</BIC>
          </FinInstnId>
        </DbtrAgt>
        <Dbtr>
          <Nm>Walter Pena</Nm>
        </Dbtr>
        <DbtrAcct>
          <Id>
            <IBAN>DE37716273707202749187685</IBAN>
          </Id>
        </DbtrAcct>
        <RmtInf>
          <Ustrd>Cotisation - Mensuel - Juin/2025 - B107970 - U10010183 - EVOLUTIS</Ustrd>
        </RmtInf>
      </DrctDbtTxInf>
      <DrctDbtTxInf>
        <PmtId>
          <InstrId>POqV25061122322536bf43d4a20367</InstrId>
          <EndToEndId>POqV25061122322536bf43d4a20367</EndToEndId>
        </PmtId>
        <InstdAmt Ccy="EUR">154.72</InstdAmt>
        <DrctDbtTx>
          <MndtRltdInf>
            <MndtId>UMR-K8DBANBTVEVD</MndtId>
            <DtOfSgntr>2020-06-08</DtOfSgntr>
            <AmdmntInd>true</AmdmntInd>
            <AmdmntInfDtls>
              <OrgnlDbtrAcct>
                <Id>
                  <IBAN>FR7614707000253251936225818</IBAN>
                </Id>
              </OrgnlDbtrAcct>
            </AmdmntInfDtls>
          </MndtRltdInf>
        </DrctDbtTx>
        <DbtrAgt>
          <FinInstnId>
            <BIC>CCBPFRPPMTZ</BIC>
          </FinInstnId>
        </DbtrAgt>
        <Dbtr>
          <Nm>Adam Hooper</Nm>
        </Dbtr>
        <DbtrAcct>
          <Id>
            <IBAN>DE42520974057889267880623</IBAN>
          </Id>
        </DbtrAcct>
        <RmtInf>
          <Ustrd>Cotisation - Mensuel - Juin/2025 - B111223 - J10005809 - FACIL SANTE +</Ustrd>
        </RmtInf>
      </DrctDbtTxInf>
      <DrctDbtTxInf>
        <PmtId>
          <InstrId>POsR250611223221547642e2b110360</InstrId>
          <EndToEndId>POsR250611223221547642e2b110360</EndToEndId>
        </PmtId>
        <InstdAmt Ccy="EUR">650.25</InstdAmt>
        <DrctDbtTx>
          <MndtRltdInf>
            <MndtId>UMR-MNIEFKBEPNUU</MndtId>
            <DtOfSgntr>2025-04-01</DtOfSgntr>
          </MndtRltdInf>
        </DrctDbtTx>
        <DbtrAgt>
          <FinInstnId>
            <BIC>CMCIFRPPXXX</BIC>
          </FinInstnId>
        </DbtrAgt>
        <Dbtr>
          <Nm>Mark Phillips</Nm>
        </Dbtr>
        <DbtrAcct>
          <Id>
            <IBAN>PT15631895809169542441194</IBAN>
          </Id>
        </DbtrAcct>
        <RmtInf>
          <Ustrd>Cotisation - Mensuel - Mai/2025 - B112475 - J10001622 - GLOBAL 100 SANTE DIRECTE DEFENSE CONQUETE</Ustrd>
        </RmtInf>
      </DrctDbtTxInf>
      <DrctDbtTxInf>
        <PmtId>
          <InstrId>POwI2506112232582492927ffc80370</InstrId>
          <EndToEndId>POwI2506112232582492927ffc80370</EndToEndId>
        </PmtId>
        <InstdAmt Ccy="EUR">7.96</InstdAmt>
        <DrctDbtTx>
          <MndtRltdInf>
            <MndtId>UMR-DDZF9Z6P4ZI4</MndtId>
            <DtOfSgntr>2013-11-12</DtOfSgntr>
            <AmdmntInd>true</AmdmntInd>
            <AmdmntInfDtls>
              <OrgnlDbtrAcct>
                <Id>
                  <IBAN>FR7640618803230004097084046</IBAN>
                </Id>
              </OrgnlDbtrAcct>
            </AmdmntInfDtls>
          </MndtRltdInf>
        </DrctDbtTx>
        <DbtrAgt>
          <FinInstnId>
            <BIC>BOUSFRPP</BIC>
          </FinInstnId>
        </DbtrAgt>
        <Dbtr>
          <Nm>Jason Lane</Nm>
        </Dbtr>
        <DbtrAcct>
          <Id>
            <IBAN>DE51891597428496412156895</IBAN>
          </Id>
        </DbtrAcct>
        <RmtInf>
          <Ustrd>Cotisation - Mensuel - Juin/2025 - B115814 - J10015654 - IJHA MUTEST DIRECTE</Ustrd>
        </RmtInf>
      </DrctDbtTxInf>
      <DrctDbtTxInf>
        <PmtId>
          <InstrId>POlN2506112233037741092d27d0373</InstrId>
          <EndToEndId>POlN2506112233037741092d27d0373</EndToEndId>
        </PmtId>
        <InstdAmt Ccy="EUR">7.20</InstdAmt>
        <DrctDbtTx>
          <MndtRltdInf>
            <MndtId>UMR-JX03VYL2ASIX</MndtId>
            <DtOfSgntr>2013-11-12</DtOfSgntr>
            <AmdmntInd>true</AmdmntInd>
            <AmdmntInfDtls>
              <OrgnlDbtrAcct>
                <Id>
                  <IBAN>FR7640618803230004097084046</IBAN>
                </Id>
              </OrgnlDbtrAcct>
            </AmdmntInfDtls>
          </MndtRltdInf>
        </DrctDbtTx>
        <DbtrAgt>
          <FinInstnId>
            <BIC>BOUSFRPP</BIC>
          </FinInstnId>
        </DbtrAgt>
        <Dbtr>
          <Nm>Lindsey Chapman</Nm>
        </Dbtr>
        <DbtrAcct>
          <Id>
            <IBAN>ES51261177988384300169951</IBAN>
          </Id>
        </DbtrAcct>
        <RmtInf>
          <Ustrd>Cotisation - Mensuel - Juin/2025 - B115814 - J10015655 - CDA MUTEST DIRECTE</Ustrd>
        </RmtInf>
      </DrctDbtTxInf>
      <DrctDbtTxInf>
        <PmtId>
          <InstrId>POuD250611223307310f0a93f990383</InstrId>
          <EndToEndId>POuD250611223307310f0a93f990383</EndToEndId>
        </PmtId>
        <InstdAmt Ccy="EUR">57.80</InstdAmt>
        <DrctDbtTx>
          <MndtRltdInf>
            <MndtId>UMR-KP751059PVX5</MndtId>
            <DtOfSgntr>2025-06-05</DtOfSgntr>
          </MndtRltdInf>
        </DrctDbtTx>
        <DbtrAgt>
          <FinInstnId>
            <BIC>CCBPFRPPMTZ</BIC>
          </FinInstnId>
        </DbtrAgt>
        <Dbtr>
          <Nm>Brandy Luna</Nm>
        </Dbtr>
        <DbtrAcct>
          <Id>
            <IBAN>IT76044313783064377686835</IBAN>
          </Id>
        </DbtrAcct>
        <RmtInf>
          <Ustrd>Cotisation - Mensuel - Juin/2025 - T112915 - U10010606 - MODULO AGENTS HOSPITALIERS 100 SANTE</Ustrd>
        </RmtInf>
      </DrctDbtTxInf>
      <DrctDbtTxInf>
        <PmtId>
          <InstrId>POkR250611223309964740e65240389</InstrId>
          <EndToEndId>POkR250611223309964740e65240389</EndToEndId>
        </PmtId>
        <InstdAmt Ccy="EUR">271.25</InstdAmt>
        <DrctDbtTx>
          <MndtRltdInf>
            <MndtId>UMR-GFINTMQRJNNB</MndtId>
            <DtOfSgntr>2024-10-18</DtOfSgntr>
            <AmdmntInd>true</AmdmntInd>
            <AmdmntInfDtls>
              <OrgnlDbtrAcct>
                <Id>
                  <IBAN>FR7617206000414379572201041</IBAN>
                </Id>
              </OrgnlDbtrAcct>
            </AmdmntInfDtls>
          </MndtRltdInf>
        </DrctDbtTx>
        <DbtrAgt>
          <FinInstnId>
            <BIC>AGRIFRPP872</BIC>
          </FinInstnId>
        </DbtrAgt>
        <Dbtr>
          <Nm>Jennifer Floyd</Nm>
        </Dbtr>
        <DbtrAcct>
          <Id>
            <IBAN>PT58869420914515109333285</IBAN>
          </Id>
        </DbtrAcct>
        <RmtInf>
          <Ustrd>Cotisation - Mensuel - Juin/2025 - T111223 - U10008002 - GLOBAL 100 SANTE DIRECTE DEFENSE CONQUETE</Ustrd>
        </RmtInf>
      </DrctDbtTxInf>
      <DrctDbtTxInf>
        <PmtId>
          <InstrId>POgY250611223305238777734ff0375</InstrId>
          <EndToEndId>POgY250611223305238777734ff0375</EndToEndId>
        </PmtId>
        <InstdAmt Ccy="EUR">1.39</InstdAmt>
        <DrctDbtTx>
          <MndtRltdInf>
            <MndtId>UMR-JV3DH1MCGMM3</MndtId>
            <DtOfSgntr>2013-11-12</DtOfSgntr>
            <AmdmntInd>true</AmdmntInd>
            <AmdmntInfDtls>
              <OrgnlDbtrAcct>
                <Id>
                  <IBAN>FR7630087330050001049160103</IBAN>
                </Id>
              </OrgnlDbtrAcct>
            </AmdmntInfDtls>
          </MndtRltdInf>
        </DrctDbtTx>
        <DbtrAgt>
          <FinInstnId>
            <BIC>CMCIFRPPXXX</BIC>
          </FinInstnId>
        </DbtrAgt>
        <Dbtr>
          <Nm>Robert Chavez</Nm>
        </Dbtr>
        <DbtrAcct>
          <Id>
            <IBAN>PT30697803712701950095538</IBAN>
          </Id>
        </DbtrAcct>
        <RmtInf>
          <Ustrd>Cotisation - Mensuel - Juin/2025 - B123866 - U10010568 - IJHA</Ustrd>
        </RmtInf>
      </DrctDbtTxInf>
      <DrctDbtTxInf>
        <PmtId>
          <InstrId>POaD25061122330545213ea18330376</InstrId>
          <EndToEndId>POaD25061122330545213ea18330376</EndToEndId>
        </PmtId>
        <InstdAmt Ccy="EUR">2.52</InstdAmt>
        <DrctDbtTx>
          <MndtRltdInf>
            <MndtId>UMR-1ACNVGZAQW7K</MndtId>
            <DtOfSgntr>2013-11-12</DtOfSgntr>
            <AmdmntInd>true</AmdmntInd>
            <AmdmntInfDtls>
              <OrgnlDbtrAcct>
                <Id>
                  <IBAN>FR7630087330050001049160103</IBAN>
                </Id>
              </OrgnlDbtrAcct>
            </AmdmntInfDtls>
          </MndtRltdInf>
        </DrctDbtTx>
        <DbtrAgt>
          <FinInstnId>
            <BIC>CMCIFRPPXXX</BIC>
          </FinInstnId>
        </DbtrAgt>
        <Dbtr>
          <Nm>Caroline Bradford</Nm>
        </Dbtr>
        <DbtrAcct>
          <Id>
            <IBAN>IT40991357062629650230196</IBAN>
          </Id>
        </DbtrAcct>
        <RmtInf>
          <Ustrd>Cotisation - Mensuel - Juin/2025 - B123866 - U10010600 - Capital Décès Accidentel</Ustrd>
        </RmtInf>
      </DrctDbtTxInf>
      <DrctDbtTxInf>
        <PmtId>
          <InstrId>POuS250611223305643364021f10377</InstrId>
          <EndToEndId>POuS250611223305643364021f10377</EndToEndId>
        </PmtId>
        <InstdAmt Ccy="EUR">48.91</InstdAmt>
        <DrctDbtTx>
          <MndtRltdInf>
            <MndtId>UMR-VFP3ZGOO8H2D</MndtId>
            <DtOfSgntr>2025-06-10</DtOfSgntr>
          </MndtRltdInf>
        </DrctDbtTx>
        <DbtrAgt>
          <FinInstnId>
            <BIC>BNPAFRPPXXX</BIC>
          </FinInstnId>
        </DbtrAgt>
        <Dbtr>
          <Nm>Jerry Galvan</Nm>
        </Dbtr>
        <DbtrAcct>
          <Id>
            <IBAN>FR14763873079562553998381</IBAN>
          </Id>
        </DbtrAcct>
        <RmtInf>
          <Ustrd>Cotisation - Mensuel - Juin/2025 - B124528 - U10010655 - GLOBAL 100 SANTE DIRECTE DEFENSE CONQUETE</Ustrd>
        </RmtInf>
      </DrctDbtTxInf>
      <DrctDbtTxInf>
        <PmtId>
          <InstrId>POoS250611223312194fed7c4680396</InstrId>
          <EndToEndId>POoS250611223312194fed7c4680396</EndToEndId>
        </PmtId>
        <InstdAmt Ccy="EUR">182.82</InstdAmt>
        <DrctDbtTx>
          <MndtRltdInf>
            <MndtId>UMR-9Y8XFU18BZMX</MndtId>
            <DtOfSgntr>1994-06-01</DtOfSgntr>
          </MndtRltdInf>
        </DrctDbtTx>
        <DbtrAgt>
          <FinInstnId>
            <BIC>CMCIFR2AXXX</BIC>
          </FinInstnId>
        </DbtrAgt>
        <Dbtr>
          <Nm>Marie Rich</Nm>
        </Dbtr>
        <DbtrAcct>
          <Id>
            <IBAN>ES86211412415786765294907</IBAN>
          </Id>
        </DbtrAcct>
        <RmtInf>
          <Ustrd>Cotisation - Mensuel - Juin/2025 - B125190 - U10010217 - MEDECINS</Ustrd>
        </RmtInf>
      </DrctDbtTxInf>
      <DrctDbtTxInf>
        <PmtId>
          <InstrId>POzS2506112233114851efb3f920394</InstrId>
          <EndToEndId>POzS2506112233114851efb3f920394</EndToEndId>
        </PmtId>
        <InstdAmt Ccy="EUR">53.28</InstdAmt>
        <DrctDbtTx>
          <MndtRltdInf>
            <MndtId>UMR-EIRALYRJRA50</MndtId>
            <DtOfSgntr>2025-06-02</DtOfSgntr>
          </MndtRltdInf>
        </DrctDbtTx>
        <DbtrAgt>
          <FinInstnId>
            <BIC>CMCIFRPP</BIC>
          </FinInstnId>
        </DbtrAgt>
        <Dbtr>
          <Nm>Melinda Hall</Nm>
        </Dbtr>
        <DbtrAcct>
          <Id>
            <IBAN>FR89415066088522980511495</IBAN>
          </Id>
        </DbtrAcct>
        <RmtInf>
          <Ustrd>Cotisation - Mensuel - Juin/2025 - T112900 - U10010581 - GLOBAL 100 SANTE DIRECTE DEFENSE CONQUETE</Ustrd>
        </RmtInf>
      </DrctDbtTxInf>
      <DrctDbtTxInf>
        <PmtId>
          <InstrId>POmN250611223226436bef551ca0368</InstrId>
          <EndToEndId>POmN250611223226436bef551ca0368</EndToEndId>
        </PmtId>
        <InstdAmt Ccy="EUR">72.56</InstdAmt>
        <DrctDbtTx>
          <MndtRltdInf>
            <MndtId>UMR-M0YXCWFO9MQ7</MndtId>
            <DtOfSgntr>2024-01-09</DtOfSgntr>
            <AmdmntInd>true</AmdmntInd>
            <AmdmntInfDtls>
              <OrgnlDbtrAcct>
                <Id>
                  <IBAN>FR7615135090170403295879159</IBAN>
                </Id>
              </OrgnlDbtrAcct>
            </AmdmntInfDtls>
          </MndtRltdInf>
        </DrctDbtTx>
        <DbtrAgt>
          <FinInstnId>
            <BIC>CEPAFRPP513</BIC>
          </FinInstnId>
        </DbtrAgt>
        <Dbtr>
          <Nm>Jorge Myers</Nm>
        </Dbtr>
        <DbtrAcct>
          <Id>
            <IBAN>PT43971871198981588964695</IBAN>
          </Id>
        </DbtrAcct>
        <RmtInf>
          <Ustrd>Cotisation - Mensuel - Juin/2025 - B133703 - J10007519 - GLOBAL 100 SANTE DIRECTE DEFENSE CONQUETE</Ustrd>
        </RmtInf>
      </DrctDbtTxInf>
      <DrctDbtTxInf>
        <PmtId>
          <InstrId>POjG250611223309837b66a2cdd0388</InstrId>
          <EndToEndId>POjG250611223309837b66a2cdd0388</EndToEndId>
        </PmtId>
        <InstdAmt Ccy="EUR">336.31</InstdAmt>
        <DrctDbtTx>
          <MndtRltdInf>
            <MndtId>UMR-S33TWZIGFEPR</MndtId>
            <DtOfSgntr>2025-04-22</DtOfSgntr>
          </MndtRltdInf>
        </DrctDbtTx>
        <DbtrAgt>
          <FinInstnId>
            <BIC>CCBPFRPPMTZ</BIC>
          </FinInstnId>
        </DbtrAgt>
        <Dbtr>
          <Nm>Donald Davis</Nm>
        </Dbtr>
        <DbtrAcct>
          <Id>
            <IBAN>IT03339780976621935470794</IBAN>
          </Id>
        </DbtrAcct>
        <RmtInf>
          <Ustrd>Cotisation - Mensuel - Juin/2025 - B137001 - U10010208 - EVOLUTIS</Ustrd>
        </RmtInf>
      </DrctDbtTxInf>
      <DrctDbtTxInf>
        <PmtId>
          <InstrId>POdE25061122330260c6d2d2db0372</InstrId>
          <EndToEndId>POdE25061122330260c6d2d2db0372</EndToEndId>
        </PmtId>
        <InstdAmt Ccy="EUR">7.16</InstdAmt>
        <DrctDbtTx>
          <MndtRltdInf>
            <MndtId>UMR-YPW2BBQ0EI1O</MndtId>
            <DtOfSgntr>2020-12-17</DtOfSgntr>
            <AmdmntInd>true</AmdmntInd>
            <AmdmntInfDtls>
              <OrgnlDbtrAcct>
                <Id>
                  <IBAN>FR7630568199180001089860860</IBAN>
                </Id>
              </OrgnlDbtrAcct>
            </AmdmntInfDtls>
          </MndtRltdInf>
        </DrctDbtTx>
        <DbtrAgt>
          <FinInstnId>
            <BIC>CMCIFRPPXXX</BIC>
          </FinInstnId>
        </DbtrAgt>
        <Dbtr>
          <Nm>Veronica Larson</Nm>
        </Dbtr>
        <DbtrAcct>
          <Id>
            <IBAN>DE08193685409995662146303</IBAN>
          </Id>
        </DbtrAcct>
        <RmtInf>
          <Ustrd>Cotisation - Mensuel - Juin/2025 - T108228 - J10018086 - CDA MUTEST DIRECTE</Ustrd>
        </RmtInf>
      </DrctDbtTxInf>
      <DrctDbtTxInf>
        <PmtId>
          <InstrId>POrW2506112232348760a94ee970369</InstrId>
          <EndToEndId>POrW2506112232348760a94ee970369</EndToEndId>
        </PmtId>
        <InstdAmt Ccy="EUR">119.36</InstdAmt>
        <DrctDbtTx>
          <MndtRltdInf>
            <MndtId>UMR-BZ7MZ8A8EU5A</MndtId>
            <DtOfSgntr>2013-11-12</DtOfSgntr>
            <AmdmntInd>true</AmdmntInd>
            <AmdmntInfDtls>
              <OrgnlDbtrAcct>
                <Id>
                  <IBAN>FR7615135090170437830354890</IBAN>
                </Id>
              </OrgnlDbtrAcct>
            </AmdmntInfDtls>
          </MndtRltdInf>
        </DrctDbtTx>
        <DbtrAgt>
          <FinInstnId>
            <BIC>CEPAFRPP513</BIC>
          </FinInstnId>
        </DbtrAgt>
        <Dbtr>
          <Nm>Ashley Shaffer</Nm>
        </Dbtr>
        <DbtrAcct>
          <Id>
            <IBAN>ES45872162009209859060525</IBAN>
          </Id>
        </DbtrAcct>
        <RmtInf>
          <Ustrd>Cotisation - Trimestriel - Avril/2025 - B141925 - J10010318 - EVOLUTIS</Ustrd>
        </RmtInf>
      </DrctDbtTxInf>
      <DrctDbtTxInf>
        <PmtId>
          <InstrId>POjB2506112232231043c1ec19b0363</InstrId>
          <EndToEndId>POjB2506112232231043c1ec19b0363</EndToEndId>
        </PmtId>
        <InstdAmt Ccy="EUR">90.07</InstdAmt>
        <DrctDbtTx>
          <MndtRltdInf>
            <MndtId>UMR-5IQ1YJL428BF</MndtId>
            <DtOfSgntr>2016-01-11</DtOfSgntr>
            <AmdmntInd>true</AmdmntInd>
            <AmdmntInfDtls>
              <OrgnlDbtrAcct>
                <Id>
                  <IBAN>FR7617206000299304570157112</IBAN>
                </Id>
              </OrgnlDbtrAcct>
            </AmdmntInfDtls>
          </MndtRltdInf>
        </DrctDbtTx>
        <DbtrAgt>
          <FinInstnId>
            <BIC>AGRIFRPP872</BIC>
          </FinInstnId>
        </DbtrAgt>
        <Dbtr>
          <Nm>Jillian Webb</Nm>
        </Dbtr>
        <DbtrAcct>
          <Id>
            <IBAN>BE09054667538791259150762</IBAN>
          </Id>
        </DbtrAcct>
        <RmtInf>
          <Ustrd>Cotisation - Mensuel - Juin/2025 - B143755 - J10004290 - MEDIA JEUNES</Ustrd>
        </RmtInf>
      </DrctDbtTxInf>
      <DrctDbtTxInf>
        <PmtId>
          <InstrId>POxS250611223309167e5afcde00385</InstrId>
          <EndToEndId>POxS250611223309167e5afcde00385</EndToEndId>
        </PmtId>
        <InstdAmt Ccy="EUR">130.07</InstdAmt>
        <DrctDbtTx>
          <MndtRltdInf>
            <MndtId>UMR-3MH7RXZCHHUB</MndtId>
            <DtOfSgntr>2025-06-03</DtOfSgntr>
          </MndtRltdInf>
        </DrctDbtTx>
        <DbtrAgt>
          <FinInstnId>
            <BIC>AGRIFRPP872</BIC>
          </FinInstnId>
        </DbtrAgt>
        <Dbtr>
          <Nm>Erin Patterson</Nm>
        </Dbtr>
        <DbtrAcct>
          <Id>
            <IBAN>PT20515182679105513989302</IBAN>
          </Id>
        </DbtrAcct>
        <RmtInf>
          <Ustrd>Cotisation - Mensuel - Juin/2025 - B147028 - U10010638 - GLOBAL 100 SANTE DIRECTE DEFENSE CONQUETE</Ustrd>
        </RmtInf>
      </DrctDbtTxInf>
      <DrctDbtTxInf>
        <PmtId>
          <InstrId>POxN250611223309796d0d921d10387</InstrId>
          <EndToEndId>POxN250611223309796d0d921d10387</EndToEndId>
        </PmtId>
        <InstdAmt Ccy="EUR">319.46</InstdAmt>
        <DrctDbtTx>
          <MndtRltdInf>
            <MndtId>UMR-4G5HUB0C2LT2</MndtId>
            <DtOfSgntr>2025-02-21</DtOfSgntr>
            <AmdmntInd>true</AmdmntInd>
            <AmdmntInfDtls>
              <OrgnlDbtrAcct>
                <Id>
                  <IBAN>FR7628233000019196255720130</IBAN>
                </Id>
              </OrgnlDbtrAcct>
            </AmdmntInfDtls>
          </MndtRltdInf>
        </DrctDbtTx>
        <DbtrAgt>
          <FinInstnId>
            <BIC>REVOFRP2</BIC>
          </FinInstnId>
        </DbtrAgt>
        <Dbtr>
          <Nm>Lindsey Vaughn</Nm>
        </Dbtr>
        <DbtrAcct>
          <Id>
            <IBAN>ES71578239370144744869100</IBAN>
          </Id>
        </DbtrAcct>
        <RmtInf>
          <Ustrd>Cotisation - Mensuel - Juin/2025 - T112187 - U10009384 - SENIOR SANTE</Ustrd>
        </RmtInf>
      </DrctDbtTxInf>
      <DrctDbtTxInf>
        <PmtId>
          <InstrId>POkT250611223311648e576726a0395</InstrId>
          <EndToEndId>POkT250611223311648e576726a0395</EndToEndId>
        </PmtId>
        <InstdAmt Ccy="EUR">98.19</InstdAmt>
        <DrctDbtTx>
          <MndtRltdInf>
            <MndtId>UMR-KT7VXNXLMV9J</MndtId>
            <DtOfSgntr>2025-06-05</DtOfSgntr>
          </MndtRltdInf>
        </DrctDbtTx>
        <DbtrAgt>
          <FinInstnId>
            <BIC>CMCIFR2A</BIC>
          </FinInstnId>
        </DbtrAgt>
        <Dbtr>
          <Nm>Sophia Evans</Nm>
        </Dbtr>
        <DbtrAcct>
          <Id>
            <IBAN>ES93625910404697759390998</IBAN>
          </Id>
        </DbtrAcct>
        <RmtInf>
          <Ustrd>Cotisation - Mensuel - Juin/2025 - B156802 - U10010611 - GLOBAL 100 SANTE DIRECTE DEFENSE CONQUETE</Ustrd>
        </RmtInf>
      </DrctDbtTxInf>
      <DrctDbtTxInf>
        <PmtId>
          <InstrId>POlN250611223307975e5cf27f0382</InstrId>
          <EndToEndId>POlN250611223307975e5cf27f0382</EndToEndId>
        </PmtId>
        <InstdAmt Ccy="EUR">80.44</InstdAmt>
        <DrctDbtTx>
          <MndtRltdInf>
            <MndtId>UMR-RGLWHYI1VU7K</MndtId>
            <DtOfSgntr>2022-04-26</DtOfSgntr>
            <AmdmntInd>true</AmdmntInd>
            <AmdmntInfDtls>
              <OrgnlDbtrAcct>
                <Id>
                  <IBAN>FR7630003023870005001357282</IBAN>
                </Id>
              </OrgnlDbtrAcct>
            </AmdmntInfDtls>
          </MndtRltdInf>
        </DrctDbtTx>
        <DbtrAgt>
          <FinInstnId>
            <BIC>SOGEFRPP</BIC>
          </FinInstnId>
        </DbtrAgt>
        <Dbtr>
          <Nm>Jonathan Fernandez</Nm>
        </Dbtr>
        <DbtrAcct>
          <Id>
            <IBAN>ES09325748048621223207997</IBAN>
          </Id>
        </DbtrAcct>
        <RmtInf>
          <Ustrd>Cotisation - Mensuel - Juin/2025 - B157047 - U10010574 - GLOBAL 100 SANTE DIRECTE DEFENSE CONQUETE</Ustrd>
        </RmtInf>
      </DrctDbtTxInf>
      <DrctDbtTxInf>
        <PmtId>
          <InstrId>POoD25061122330968522643ff10386</InstrId>
          <EndToEndId>POoD25061122330968522643ff10386</EndToEndId>
        </PmtId>
        <InstdAmt Ccy="EUR">77.67</InstdAmt>
        <DrctDbtTx>
          <MndtRltdInf>
            <MndtId>UMR-5SJ45X6QE2FT</MndtId>
            <DtOfSgntr>2025-04-22</DtOfSgntr>
            <AmdmntInd>true</AmdmntInd>
            <AmdmntInfDtls>
              <OrgnlDbtrAcct>
                <Id>
                  <IBAN>FR7610278018520001238284082</IBAN>
                </Id>
              </OrgnlDbtrAcct>
            </AmdmntInfDtls>
          </MndtRltdInf>
        </DrctDbtTx>
        <DbtrAgt>
          <FinInstnId>
            <BIC>CMCIFR2AXXX</BIC>
          </FinInstnId>
        </DbtrAgt>
        <Dbtr>
          <Nm>Brooke Carson</Nm>
        </Dbtr>
        <DbtrAcct>
          <Id>
            <IBAN>PT16850305937844742339753</IBAN>
          </Id>
        </DbtrAcct>
        <RmtInf>
          <Ustrd>Cotisation - Mensuel - Juin/2025 - B159508 - U10010602 - SENIOR SANTE</Ustrd>
        </RmtInf>
      </DrctDbtTxInf>
      <DrctDbtTxInf>
        <PmtId>
          <InstrId>PObV250611223223487b0b0b6f40365</InstrId>
          <EndToEndId>PObV250611223223487b0b0b6f40365</EndToEndId>
        </PmtId>
        <InstdAmt Ccy="EUR">105.35</InstdAmt>
        <DrctDbtTx>
          <MndtRltdInf>
            <MndtId>UMR-1MSMEXMKRALQ</MndtId>
            <DtOfSgntr>2020-06-08</DtOfSgntr>
            <AmdmntInd>true</AmdmntInd>
            <AmdmntInfDtls>
              <OrgnlDbtrAcct>
                <Id>
                  <IBAN>FR7610278010100003030324085</IBAN>
                </Id>
              </OrgnlDbtrAcct>
            </AmdmntInfDtls>
          </MndtRltdInf>
        </DrctDbtTx>
        <DbtrAgt>
          <FinInstnId>
            <BIC>CMCIFR2AXXX</BIC>
          </FinInstnId>
        </DbtrAgt>
        <Dbtr>
          <Nm>Jessica Jennings</Nm>
        </Dbtr>
        <DbtrAcct>
          <Id>
            <IBAN>BE81539534963162802560962</IBAN>
          </Id>
        </DbtrAcct>
        <RmtInf>
          <Ustrd>Cotisation - Mensuel - Juin/2025 - B160088 - J10002574 - GLOBAL 100 SANTE DIRECTE DEFENSE CONQUETE</Ustrd>
        </RmtInf>
      </DrctDbtTxInf>
      <DrctDbtTxInf>
        <PmtId>
          <InstrId>POeT250611223307289c8ea95020383</InstrId>
          <EndToEndId>POeT250611223307289c8ea95020383</EndToEndId>
        </PmtId>
        <InstdAmt Ccy="EUR">167.15</InstdAmt>
        <DrctDbtTx>
          <MndtRltdInf>
            <MndtId>UMR-SY845746F6UR</MndtId>
            <DtOfSgntr>2025-06-10</DtOfSgntr>
          </MndtRltdInf>
        </DrctDbtTx>
        <DbtrAgt>
          <FinInstnId>
            <BIC>CMCIFR2A</BIC>
          </FinInstnId>
        </DbtrAgt>
        <Dbtr>
          <Nm>Jason Crawford</Nm>
        </Dbtr>
        <DbtrAcct>
          <Id>
            <IBAN>ES36814618327691804336404</IBAN>
          </Id>
        </DbtrAcct>
        <RmtInf>
          <Ustrd>Cotisation - Mensuel - Juin/2025 - B163184 - U10010657 - GLOBAL 100 SANTE DIRECTE DEFENSE CONQUETE</Ustrd>
        </RmtInf>
      </DrctDbtTxInf>
      <DrctDbtTxInf>
        <PmtId>
          <InstrId>POgC250611223224447ead2e23d0366</InstrId>
          <EndToEndId>POgC250611223224447ead2e23d0366</EndToEndId>
        </PmtId>
        <InstdAmt Ccy="EUR">111.18</InstdAmt>
        <DrctDbtTx>
          <MndtRltdInf>
            <MndtId>UMR-XU14WCKYSQO3</MndtId>
            <DtOfSgntr>2013-11-12</DtOfSgntr>
          </MndtRltdInf>
        </DrctDbtTx>
        <DbtrAgt>
          <FinInstnId>
            <BIC>SOGEFRPPXXX</BIC>
          </FinInstnId>
        </DbtrAgt>
        <Dbtr>
          <Nm>Kristin Turner</Nm>
        </Dbtr>
        <DbtrAcct>
          <Id>
            <IBAN>IT94286108186664255482218</IBAN>
          </Id>
        </DbtrAcct>
        <RmtInf>
          <Ustrd>Cotisation - Mensuel - Mai/2025 - B164408 - J10003320 - FACIL SANTE +</Ustrd>
        </RmtInf>
      </DrctDbtTxInf>
      <DrctDbtTxInf>
        <PmtId>
          <InstrId>POhW250611223306855cea534fc0381</InstrId>
          <EndToEndId>POhW250611223306855cea534fc0381</EndToEndId>
        </PmtId>
        <InstdAmt Ccy="EUR">185.78</InstdAmt>
        <DrctDbtTx>
          <MndtRltdInf>
            <MndtId>UMR-YA7A5LWAHW2W</MndtId>
            <DtOfSgntr>2025-05-28</DtOfSgntr>
          </MndtRltdInf>
        </DrctDbtTx>
        <DbtrAgt>
          <FinInstnId>
            <BIC>CMCIFR2A</BIC>
          </FinInstnId>
        </DbtrAgt>
        <Dbtr>
          <Nm>Cheryl Mitchell</Nm>
        </Dbtr>
        <DbtrAcct>
          <Id>
            <IBAN>PT55753377298549959926860</IBAN>
          </Id>
        </DbtrAcct>
        <RmtInf>
          <Ustrd>Cotisation - Mensuel - Juin/2025 - T112881 - U10010557 - SENIOR SANTE</Ustrd>
        </RmtInf>
      </DrctDbtTxInf>
      <DrctDbtTxInf>
        <PmtId>
          <InstrId>POqG250611223310420cd984d6a0392</InstrId>
          <EndToEndId>POqG250611223310420cd984d6a0392</EndToEndId>
        </PmtId>
        <InstdAmt Ccy="EUR">51.16</InstdAmt>
        <DrctDbtTx>
          <MndtRltdInf>
            <MndtId>UMR-ULEZFS55T5BP</MndtId>
            <DtOfSgntr>2025-06-06</DtOfSgntr>
          </MndtRltdInf>
        </DrctDbtTx>
        <DbtrAgt>
          <FinInstnId>
            <BIC>REVOFRP2</BIC>
          </FinInstnId>
        </DbtrAgt>
        <Dbtr>
          <Nm>Peter Hamilton</Nm>
        </Dbtr>
        <DbtrAcct>
          <Id>
            <IBAN>ES54483029538194505201240</IBAN>
          </Id>
        </DbtrAcct>
        <RmtInf>
          <Ustrd>Cotisation - Mensuel - Juin/2025 - B166159 - U10010626 - GLOBAL 100 SANTE DIRECTE DEFENSE CONQUETE</Ustrd>
        </RmtInf>
      </DrctDbtTxInf>
      <DrctDbtTxInf>
        <PmtId>
          <InstrId>POlB25061122330668049c5ca6a0380</InstrId>
          <EndToEndId>POlB25061122330668049c5ca6a0380</EndToEndId>
        </PmtId>
        <InstdAmt Ccy="EUR">197.15</InstdAmt>
        <DrctDbtTx>
          <MndtRltdInf>
            <MndtId>UMR-UDHSWIH1M133</MndtId>
            <DtOfSgntr>2025-05-26</DtOfSgntr>
          </MndtRltdInf>
        </DrctDbtTx>
        <DbtrAgt>
          <FinInstnId>
            <BIC>CMCIFR2AXXX</BIC>
          </FinInstnId>
        </DbtrAgt>
        <Dbtr>
          <Nm>Ana Gutierrez</Nm>
        </Dbtr>
        <DbtrAcct>
          <Id>
            <IBAN>PT69864155679616198641685</IBAN>
          </Id>
        </DbtrAcct>
        <RmtInf>
          <Ustrd>Cotisation - Mensuel - Juin/2025 - B166775 - U10010569 - SENIOR SANTE</Ustrd>
        </RmtInf>
      </DrctDbtTxInf>
      <DrctDbtTxInf>
        <PmtId>
          <InstrId>POgY25061122322342881439e460364</InstrId>
          <EndToEndId>POgY25061122322342881439e460364</EndToEndId>
        </PmtId>
        <InstdAmt Ccy="EUR">90.29</InstdAmt>
        <DrctDbtTx>
          <MndtRltdInf>
            <MndtId>UMR-UG530QL4YRME</MndtId>
            <DtOfSgntr>2013-11-12</DtOfSgntr>
            <AmdmntInd>true</AmdmntInd>
            <AmdmntInfDtls>
              <OrgnlDbtrAcct>
                <Id>
                  <IBAN>FR7618079681640278856534035</IBAN>
                </Id>
              </OrgnlDbtrAcct>
            </AmdmntInfDtls>
          </MndtRltdInf>
        </DrctDbtTx>
        <DbtrAgt>
          <FinInstnId>
            <BIC>CCDFFRPPXXX</BIC>
          </FinInstnId>
        </DbtrAgt>
        <Dbtr>
          <Nm>Tina Rodgers</Nm>
        </Dbtr>
        <DbtrAcct>
          <Id>
            <IBAN>IT94627364547270521624038</IBAN>
          </Id>
        </DbtrAcct>
        <RmtInf>
          <Ustrd>Cotisation - Mensuel - Juin/2025 - B167616 - J10002871 - FACIL SANTE +</Ustrd>
        </RmtInf>
      </DrctDbtTxInf>
      <DrctDbtTxInf>
        <PmtId>
          <InstrId>POnE25061122331023366c6aedf0391</InstrId>
          <EndToEndId>POnE25061122331023366c6aedf0391</EndToEndId>
        </PmtId>
        <InstdAmt Ccy="EUR">39.63</InstdAmt>
        <DrctDbtTx>
          <MndtRltdInf>
            <MndtId>UMR-IJAYG42JXVFG</MndtId>
            <DtOfSgntr>2025-05-28</DtOfSgntr>
          </MndtRltdInf>
        </DrctDbtTx>
        <DbtrAgt>
          <FinInstnId>
            <BIC>CEPAFRPP444</BIC>
          </FinInstnId>
        </DbtrAgt>
        <Dbtr>
          <Nm>Brian Thomas</Nm>
        </Dbtr>
        <DbtrAcct>
          <Id>
            <IBAN>IT64397487149374593267567</IBAN>
          </Id>
        </DbtrAcct>
        <RmtInf>
          <Ustrd>Cotisation - Mensuel - Juin/2025 - T112883 - U10010559 - GLOBAL 100 SANTE DIRECTE</Ustrd>
        </RmtInf>
      </DrctDbtTxInf>
      <DrctDbtTxInf>
        <PmtId>
          <InstrId>POjK250611223307869cf993930382</InstrId>
          <EndToEndId>POjK250611223307869cf993930382</EndToEndId>
        </PmtId>
        <InstdAmt Ccy="EUR">64.53</InstdAmt>
        <DrctDbtTx>
          <MndtRltdInf>
            <MndtId>UMR-E7CHS8PZ4UC7</MndtId>
            <DtOfSgntr>2025-05-27</DtOfSgntr>
          </MndtRltdInf>
        </DrctDbtTx>
        <DbtrAgt>
          <FinInstnId>
            <BIC>BOUSFRPPXXX</BIC>
          </FinInstnId>
        </DbtrAgt>
        <Dbtr>
          <Nm>John Mills</Nm>
        </Dbtr>
        <DbtrAcct>
          <Id>
            <IBAN>IT23079016927583764551242</IBAN>
          </Id>
        </DbtrAcct>
        <RmtInf>
          <Ustrd>Cotisation - Mensuel - Juin/2025 - B168964 - U10010570 - SORTIE CSS</Ustrd>
        </RmtInf>
      </DrctDbtTxInf>
      <DrctDbtTxInf>
        <PmtId>
          <InstrId>POjK25061122322268984043a130362</InstrId>
          <EndToEndId>POjK25061122322268984043a130362</EndToEndId>
        </PmtId>
        <InstdAmt Ccy="EUR">466.38</InstdAmt>
        <DrctDbtTx>
          <MndtRltdInf>
            <MndtId>UMR-926O07X91G0N</MndtId>
            <DtOfSgntr>2013-11-12</DtOfSgntr>
            <AmdmntInd>true</AmdmntInd>
            <AmdmntInfDtls>
              <OrgnlDbtrAcct>
                <Id>
                  <IBAN>FR7642559100000406575742464</IBAN>
                </Id>
              </OrgnlDbtrAcct>
            </AmdmntInfDtls>
          </MndtRltdInf>
        </DrctDbtTx>
        <DbtrAgt>
          <FinInstnId>
            <BIC>CCOPFRCP</BIC>
          </FinInstnId>
        </DbtrAgt>
        <Dbtr>
          <Nm>Elizabeth Mayo</Nm>
        </Dbtr>
        <DbtrAcct>
          <Id>
            <IBAN>DE96962471620033662595836</IBAN>
          </Id>
        </DbtrAcct>
        <RmtInf>
          <Ustrd>Cotisation - Mensuel - Juin/2025 - B169729 - J10003418 - EVOLUTIS</Ustrd>
        </RmtInf>
      </DrctDbtTxInf>
      <DrctDbtTxInf>
        <PmtId>
          <InstrId>POyK250611223219851377866aa0359</InstrId>
          <EndToEndId>POyK250611223219851377866aa0359</EndToEndId>
        </PmtId>
        <InstdAmt Ccy="EUR">58.63</InstdAmt>
        <DrctDbtTx>
          <MndtRltdInf>
            <MndtId>UMR-478VXW5L5JH2</MndtId>
            <DtOfSgntr>2013-11-12</DtOfSgntr>
            <AmdmntInd>true</AmdmntInd>
            <AmdmntInfDtls>
              <OrgnlDbtrAcct>
                <Id>
                  <IBAN>FR7630087330270002062050166</IBAN>
                </Id>
              </OrgnlDbtrAcct>
            </AmdmntInfDtls>
          </MndtRltdInf>
        </DrctDbtTx>
        <DbtrAgt>
          <FinInstnId>
            <BIC>CMCIFRPPXXX</BIC>
          </FinInstnId>
        </DbtrAgt>
        <Dbtr>
          <Nm>Briana Williams</Nm>
        </Dbtr>
        <DbtrAcct>
          <Id>
            <IBAN>BE16111434479354626634253</IBAN>
          </Id>
        </DbtrAcct>
        <RmtInf>
          <Ustrd>Cotisation - Mensuel - Juin/2025 - B173595 - J10000764 - POSEA NR</Ustrd>
        </RmtInf>
      </DrctDbtTxInf>
      <DrctDbtTxInf>
        <PmtId>
          <InstrId>POsM2506112232224774162d1e70361</InstrId>
          <EndToEndId>POsM2506112232224774162d1e70361</EndToEndId>
        </PmtId>
        <InstdAmt Ccy="EUR">132.74</InstdAmt>
        <DrctDbtTx>
          <MndtRltdInf>
            <MndtId>UMR-A5KWUDRG3IPD</MndtId>
            <DtOfSgntr>2017-01-13</DtOfSgntr>
            <AmdmntInd>true</AmdmntInd>
            <AmdmntInfDtls>
              <OrgnlDbtrAcct>
                <Id>
                  <IBAN>FR7610278018640006051620327</IBAN>
                </Id>
              </OrgnlDbtrAcct>
            </AmdmntInfDtls>
          </MndtRltdInf>
        </DrctDbtTx>
        <DbtrAgt>
          <FinInstnId>
            <BIC>CMCIFR2AXXX</BIC>
          </FinInstnId>
        </DbtrAgt>
        <Dbtr>
          <Nm>Christopher Heath</Nm>
        </Dbtr>
        <DbtrAcct>
          <Id>
            <IBAN>PT10484301546742330423790</IBAN>
          </Id>
        </DbtrAcct>
        <RmtInf>
          <Ustrd>Cotisation - Mensuel - Juin/2025 - B184997 - J10004542 - FACIL SANTE +</Ustrd>
        </RmtInf>
      </DrctDbtTxInf>
      <DrctDbtTxInf>
        <PmtId>
          <InstrId>POnT25061122330193610e0373b0371</InstrId>
          <EndToEndId>POnT25061122330193610e0373b0371</EndToEndId>
        </PmtId>
        <InstdAmt Ccy="EUR">8.64</InstdAmt>
        <DrctDbtTx>
          <MndtRltdInf>
            <MndtId>UMR-APYI5KUSX4AS</MndtId>
            <DtOfSgntr>2019-05-01</DtOfSgntr>
            <AmdmntInd>true</AmdmntInd>
            <AmdmntInfDtls>
              <OrgnlDbtrAcct>
                <Id>
                  <IBAN>FR7628233000011703259919591</IBAN>
                </Id>
              </OrgnlDbtrAcct>
            </AmdmntInfDtls>
          </MndtRltdInf>
        </DrctDbtTx>
        <DbtrAgt>
          <FinInstnId>
            <BIC>REVOFRP2</BIC>
          </FinInstnId>
        </DbtrAgt>
        <Dbtr>
          <Nm>Heather Moore</Nm>
        </Dbtr>
        <DbtrAcct>
          <Id>
            <IBAN>IT89226732225963004951564</IBAN>
          </Id>
        </DbtrAcct>
        <RmtInf>
          <Ustrd>Cotisation - Mensuel - Juin/2025 - T111713 - J10017785 - CDA MUTEST DIRECTE</Ustrd>
        </RmtInf>
      </DrctDbtTxInf>
      <DrctDbtTxInf>
        <PmtId>
          <InstrId>POkS2506112233091603677e5090385</InstrId>
          <EndToEndId>POkS2506112233091603677e5090385</EndToEndId>
        </PmtId>
        <InstdAmt Ccy="EUR">165.37</InstdAmt>
        <DrctDbtTx>
          <MndtRltdInf>
            <MndtId>UMR-EJQPEMWE4URE</MndtId>
            <DtOfSgntr>2013-11-12</DtOfSgntr>
            <AmdmntInd>true</AmdmntInd>
            <AmdmntInfDtls>
              <OrgnlDbtrAcct>
                <Id>
                  <IBAN>FR7630003023770005031260495</IBAN>
                </Id>
              </OrgnlDbtrAcct>
            </AmdmntInfDtls>
          </MndtRltdInf>
        </DrctDbtTx>
        <DbtrAgt>
          <FinInstnId>
            <BIC>SOGEFRPP</BIC>
          </FinInstnId>
        </DbtrAgt>
        <Dbtr>
          <Nm>Matthew Price</Nm>
        </Dbtr>
        <DbtrAcct>
          <Id>
            <IBAN>ES69991860500987148311587</IBAN>
          </Id>
        </DbtrAcct>
        <RmtInf>
          <Ustrd>Cotisation - Mensuel - Juin/2025 - B187150 - U10010563 - GLOBAL 100 SANTE DIRECTE DEFENSE CONQUETE</Ustrd>
        </RmtInf>
      </DrctDbtTxInf>
      <DrctDbtTxInf>
        <PmtId>
          <InstrId>POeK250611223305448f3aa3d900376</InstrId>
          <EndToEndId>POeK250611223305448f3aa3d900376</EndToEndId>
        </PmtId>
        <InstdAmt Ccy="EUR">218.88</InstdAmt>
        <DrctDbtTx>
          <MndtRltdInf>
            <MndtId>UMR-YE3AFE9867UM</MndtId>
            <DtOfSgntr>2024-04-15</DtOfSgntr>
            <AmdmntInd>true</AmdmntInd>
            <AmdmntInfDtls>
              <OrgnlDbtrAcct>
                <Id>
                  <IBAN>FR7614707500047019261565748</IBAN>
                </Id>
              </OrgnlDbtrAcct>
            </AmdmntInfDtls>
          </MndtRltdInf>
        </DrctDbtTx>
        <DbtrAgt>
          <FinInstnId>
            <BIC>CCBPFRPPMTZ</BIC>
          </FinInstnId>
        </DbtrAgt>
        <Dbtr>
          <Nm>Cameron Medina</Nm>
        </Dbtr>
        <DbtrAcct>
          <Id>
            <IBAN>DE22815663762319192072692</IBAN>
          </Id>
        </DbtrAcct>
        <RmtInf>
          <Ustrd>Cotisation - Mensuel - Juin/2025 - T109255 - U10006467 - MODULO AGENTS HOSPITALIERS 100 SANTE</Ustrd>
        </RmtInf>
      </DrctDbtTxInf>
      <DrctDbtTxInf>
        <PmtId>
          <InstrId>POnF2506112233086502973c1df0384</InstrId>
          <EndToEndId>POnF2506112233086502973c1df0384</EndToEndId>
        </PmtId>
        <InstdAmt Ccy="EUR">47.47</InstdAmt>
        <DrctDbtTx>
          <MndtRltdInf>
            <MndtId>UMR-9JNO3FTD9VG9</MndtId>
            <DtOfSgntr>2018-02-19</DtOfSgntr>
            <AmdmntInd>true</AmdmntInd>
            <AmdmntInfDtls>
              <OrgnlDbtrAcct>
                <Id>
                  <IBAN>FR7610278012250001146370273</IBAN>
                </Id>
              </OrgnlDbtrAcct>
            </AmdmntInfDtls>
          </MndtRltdInf>
        </DrctDbtTx>
        <DbtrAgt>
          <FinInstnId>
            <BIC>CMCIFR2AXXX</BIC>
          </FinInstnId>
        </DbtrAgt>
        <Dbtr>
          <Nm>Lindsey Henderson</Nm>
        </Dbtr>
        <DbtrAcct>
          <Id>
            <IBAN>DE84173929455705059243460</IBAN>
          </Id>
        </DbtrAcct>
        <RmtInf>
          <Ustrd>Cotisation - Mensuel - Juin/2025 - B193522 - U10009194 - GLOBAL 100 SANTE DIRECTE DEFENSE CONQUETE</Ustrd>
        </RmtInf>
      </DrctDbtTxInf>
      <DrctDbtTxInf>
        <PmtId>
          <InstrId>POcO250611223306971a6ab5560378</InstrId>
          <EndToEndId>POcO250611223306971a6ab5560378</EndToEndId>
        </PmtId>
        <InstdAmt Ccy="EUR">6.95</InstdAmt>
        <DrctDbtTx>
          <MndtRltdInf>
            <MndtId>UMR-Z3SQ3T8K5O3N</MndtId>
            <DtOfSgntr>2024-07-24</DtOfSgntr>
            <AmdmntInd>true</AmdmntInd>
            <AmdmntInfDtls>
              <OrgnlDbtrAcct>
                <Id>
                  <IBAN>FR7610278010110002024960392</IBAN>
                </Id>
              </OrgnlDbtrAcct>
            </AmdmntInfDtls>
          </MndtRltdInf>
        </DrctDbtTx>
        <DbtrAgt>
          <FinInstnId>
            <BIC>CMCIFR2AXXX</BIC>
          </FinInstnId>
        </DbtrAgt>
        <Dbtr>
          <Nm>James Reed</Nm>
        </Dbtr>
        <DbtrAcct>
          <Id>
            <IBAN>FR70793291414079013306983</IBAN>
          </Id>
        </DbtrAcct>
        <RmtInf>
          <Ustrd>Cotisation - Mensuel - Juin/2025 - T110328 - U10007244 - IJHA</Ustrd>
        </RmtInf>
      </DrctDbtTxInf>
    </PmtInf>
  </CstmrDrctDbtInitn>
</Document>
