<?xml version="1.0" encoding="UTF-8"?>
<Document xmlns="urn:iso:std:iso:20022:tech:xsd:pain.001.001.04">
  <CstmrCdtTrfInitn>
    <GrpHdr>
      <MsgId>MSG0002</MsgId>
      <CreDtTm>2025-07-10T11:00:00</CreDtTm>
      <NbOfTxs>1</NbOfTxs>
      <CtrlSum>150.00</CtrlSum>
      <InitgPty>
        <Nm>Nom TROP LONG QUI DÉPASSE VRAIMENT LA LIMITE AUTORISÉE POUR CE CHAMP DE TEXTE TROP LONG</Nm> <!-- ❌ nom > 70 -->
      </InitgPty>
    </GrpHdr>
    <PmtInf>
      <PmtInfId>PMT0002</PmtInfId>
      <PmtMtd>TRF</PmtMtd>
      <BtchBookg>false</BtchBookg>
      <NbOfTxs>1</NbOfTxs>
      <CtrlSum>150.00</CtrlSum>
      <PmtTpInf>
        <SvcLvl>
          <Cd>SEPA</Cd>
        </SvcLvl>
      </PmtTpInf>
      <ReqdExctnDt>2025-07-12</ReqdExctnDt>
      <Dbtr>
        <Nm>Débiteur Exemple</Nm>
      </Dbtr>
      <DbtrAcct>
        <Id>
          <IBAN>INVALIDIBAN</IBAN> <!-- ❌ Mauvais format IBAN -->
        </Id>
      </DbtrAcct>
      <DbtrAgt>
        <FinInstnId>
          <BIC>BICINVALID</BIC> <!-- ❌ BIC faux -->
        </FinInstnId>
      </DbtrAgt>
      <CdtTrfTxInf>
        <PmtId>
          <EndToEndId>TX9999</EndToEndId>
        </PmtId>
        <Amt>
          <InstdAmt Ccy="CHF">150.00</InstdAmt> <!-- ❌ Devise non-EUR -->
        </Amt>
        <CdtrAgt>
          <FinInstnId>
            <BIC>DEUTDEFF</BIC>
          </FinInstnId>
        </CdtrAgt>
        <Cdtr>
          <Nm></Nm> <!-- ❌ nom vide -->
        </Cdtr>
        <CdtrAcct>
          <Id>
            <IBAN>FR7630006000011234567890189</IBAN>
          </Id>
        </CdtrAcct>
      </CdtTrfTxInf>
    </PmtInf>
  </CstmrCdtTrfInitn>
</Document>
