<?xml version="1.0" encoding="UTF-8"?>
<Document xmlns="urn:iso:std:iso:20022:tech:xsd:pain.001.001.03">
  <CstmrCdtTrfInitn>
    <GrpHdr>
      <MsgId>XYZ987654</MsgId>
      <CreDtTm>2025-07-10T10:00:00</CreDtTm>
      <NbOfTxs>1</NbOfTxs>
      <CtrlSum>100.00</CtrlSum>
      <InitgPty>
        <Nm>Entreprise X</Nm>
      </InitgPty>
    </GrpHdr>
    <PmtInf>
      <PmtInfId>PMT999</PmtInfId>
      <PmtMtd>TRF</PmtMtd>
      <NbOfTxs>1</NbOfTxs>
      <CtrlSum>100.00</CtrlSum>
      <PmtTpInf>
        <SvcLvl>
          <Cd>SEPA</Cd>
        </SvcLvl>
      </PmtTpInf>
      <ReqdExctnDt>2025-07-15</ReqdExctnDt>
      <Dbtr>
        <Nm>Entreprise X</Nm>
      </Dbtr>
      <DbtrAcct>
        <Id>
          <IBAN>DE89370400440532013000</IBAN>
        </Id>
      </DbtrAcct>
      <DbtrAgt>
        <FinInstnId>
          <BIC>COBADEFFXXX</BIC>
        </FinInstnId>
      </DbtrAgt>
      <CdtTrfTxInf>
        <PmtId>
          <EndToEndId>ETOE99999</EndToEndId>
        </PmtId>
        <Amt>
          <InstdAmt Ccy="USD">100.00</InstdAmt>
        </Amt>
        <CdtrAgt>
          <FinInstnId>
            <BIC>DEUTDEFFXXX</BIC>
          </FinInstnId>
        </CdtrAgt>
        <Cdtr>
          <Nm>John Smith</Nm>
        </Cdtr>
        <CdtrAcct>
          <Id>
            <IBAN>FR7630006000019876543210189</IBAN>
          </Id>
        </CdtrAcct>
      </CdtTrfTxInf>
    </PmtInf>
  </CstmrCdtTrfInitn>
</Document>
