<?xml version="1.0" encoding="UTF-8"?>
<Document xmlns="urn:swift:xsd:$pain.001.001.01">
  <CstmrCdtTrfInitn>
    <GrpHdr>
      <MsgId>MSG001</MsgId>
      <CreDtTm>2025-07-29T12:00:00</CreDtTm>
      <NbOfTxs>1</NbOfTxs>
      <CtrlSum>100.00</CtrlSum>
      <InitgPty>
        <Nm>Company A</Nm>
      </InitgPty>
    </GrpHdr>
    <PmtInf>
      <PmtInfId>PMT001</PmtInfId>
      <PmtMtd>TRF</PmtMtd>
      <ReqdExctnDt>2025-07-30</ReqdExctnDt>
      <Dbtr>
        <Nm>Company A</Nm>
      </Dbtr>
      <DbtrAcct>
        <Id>
          <IBAN>FR7630006000011234567890189</IBAN>
        </Id>
      </DbtrAcct>
      <DbtrAgt>
        <FinInstnId>
          <BIC>AGRIFRPP</BIC>
        </FinInstnId>
      </DbtrAgt>
      <CdtTrfTxInf>
        <Amt>
          <InstdAmt Ccy="EUR">100.00</InstdAmt>
        </Amt>
        <CdtrAgt>
          <FinInstnId>
            <BIC>BNPAFRPP</BIC>
          </FinInstnId>
        </CdtrAgt>
        <Cdtr>
          <Nm>John Doe</Nm>
        </Cdtr>
        <CdtrAcct>
          <Id>
            <IBAN>FR7630004000031234567890143</IBAN>
          </Id>
        </CdtrAcct>
        <RmtInf>
          <Ustrd>Facture 12345</Ustrd>
        </RmtInf>
      </CdtTrfTxInf>
    </PmtInf>
  </CstmrCdtTrfInitn>
</Document>
