<?xml version="1.0" encoding="UTF-8"?>
<Document xmlns="urn:iso:std:iso:20022:tech:xsd:pain.001.001.02">
  <CstmrCdtTrfInitn>
    <GrpHdr>
      <MsgId>MSG002</MsgId>
      <CreDtTm>2025-07-29T13:00:00</CreDtTm>
      <NbOfTxs>1</NbOfTxs>
      <CtrlSum>250.00</CtrlSum>
      <InitgPty>
        <Nm>Entreprise B</Nm>
      </InitgPty>
    </GrpHdr>
    <PmtInf>
      <PmtInfId>PMT002</PmtInfId>
      <PmtMtd>TRF</PmtMtd>
      <ReqdExctnDt>2025-07-31</ReqdExctnDt>
      <Dbtr>
        <Nm>Entreprise B</Nm>
      </Dbtr>
      <DbtrAcct>
        <Id>
          <IBAN>DE89370400440532013000</IBAN>
        </Id>
      </DbtrAcct>
      <DbtrAgt>
        <FinInstnId>
          <BIC>DEUTDEFF</BIC>
        </FinInstnId>
      </DbtrAgt>
      <CdtTrfTxInf>
        <Amt>
          <InstdAmt Ccy="EUR">250.00</InstdAmt>
        </Amt>
        <CdtrAgt>
          <FinInstnId>
            <BIC>COBADEFF</BIC>
          </FinInstnId>
        </CdtrAgt>
        <Cdtr>
          <Nm>Marie Curie</Nm>
        </Cdtr>
        <CdtrAcct>
          <Id>
            <IBAN>DE44500105175407324931</IBAN>
          </Id>
        </CdtrAcct>
        <RmtInf>
          <Ustrd>Remboursement</Ustrd>
        </RmtInf>
      </CdtTrfTxInf>
    </PmtInf>
  </CstmrCdtTrfInitn>
</Document>
