<?xml version="1.0" encoding="UTF-8"?>
<Document xmlns="urn:iso:std:iso:20022:tech:xsd:pain.001.001.03">
  <CstmrCdtTrfInitn>
    <GrpHdr>
      <MsgId>Message-Id</MsgId>
      <CreDtTm>2024-05-10T16:10:02.017+00:00</CreDtTm>
      <NbOfTxs>1</NbOfTxs>
      <CtrlSum>510.24</CtrlSum>
      <InitgPty>
        <Id>
          <OrgId>
            <Othr>
              <Id>Client-Id</Id>
            </Othr>
          </OrgId>
        </Id>
      </InitgPty>
    </GrpHdr>
    <PmtInf>
      <PmtInfId>Batch-Id</PmtInfId>
      <PmtMtd>TRF</PmtMtd>
      <PmtTpInf>
        <SvcLvl>
          <Cd>SEPA</Cd>
        </SvcLvl>
      </PmtTpInf>
      <ReqdExctnDt>2025-08-06</ReqdExctnDt>
      <Dbtr>
        <Nm>Debtor Account Holder Name</Nm>
      </Dbtr>
      <DbtrAcct>
        <Id>
          <IBAN>DE89370400440532013000</IBAN>
        </Id>
      </DbtrAcct>
      <DbtrAgt>
        <FinInstnId>
          <BIC>DEUTDEFF</BIC>
        </FinInstnId>
      </DbtrAgt>
      <CdtTrfTxInf>
        <PmtId>
          <EndToEndId>E2E-Id</EndToEndId>
        </PmtId>
        <Amt>
          <InstdAmt Ccy="EUR">510.24</InstdAmt>
        </Amt>
        <CdtrAgt>
          <FinInstnId>
            <BIC>MARKDEF1100</BIC>
          </FinInstnId>
        </CdtrAgt>
        <Cdtr>
          <Nm>Creditor Name</Nm>
        </Cdtr>
        <CdtrAcct>
          <Id>
            <IBAN>DE21500105176130883123</IBAN>
          </Id>
        </CdtrAcct>
      </CdtTrfTxInf>
    </PmtInf>
  </CstmrCdtTrfInitn>
</Document>
