<Document xmlns="urn:iso:std:iso:20022:tech:xsd:pain.001.001.03">
  <CstmrCdtTrfInitn>
    <GrpHdr>
      <MsgId>MSG20250730</MsgId>
      <CreDtTm>2025-07-30T10:00:00</CreDtTm>
      <NbOfTxs>2</NbOfTxs>
      <CtrlSum>200.00</CtrlSum>
      <InitgPty>
        <Nm>Test Client</Nm>
      </InitgPty>
    </GrpHdr>
    <PmtInf>
      <PmtInfId>PMT20250730</PmtInfId>
      <PmtMtd>TRF</PmtMtd>
      <ReqdExctnDt>2025-07-31</ReqdExctnDt>
      <Dbtr>
        <Nm>Client Débiteur</Nm>
      </Dbtr>
      <DbtrAcct>
        <Id>
          <IBAN>FR1420041010050500013M02606</IBAN>
        </Id>
      </DbtrAcct>
      <DbtrAgt>
        <FinInstnId>
          <BIC>PSSTFRPPXXX</BIC>
        </FinInstnId>
      </DbtrAgt>
      <CdtTrfTxInf>
        <PmtId>
          <EndToEndId>DUPLICATE-ID-001</EndToEndId>
        </PmtId>
        <Amt>
          <InstdAmt Ccy="EUR">100.00</InstdAmt>
        </Amt>
        <CdtrAgt>
          <FinInstnId>
            <BIC>BNPAFRPPXXX</BIC>
          </FinInstnId>
        </CdtrAgt>
        <Cdtr>
          <Nm>Destinataire 1</Nm>
        </Cdtr>
        <CdtrAcct>
          <Id>
            <IBAN>FR7630006000011234567890189</IBAN>
          </Id>
        </CdtrAcct>
      </CdtTrfTxInf>
      <CdtTrfTxInf>
        <PmtId>
          <EndToEndId>DUPLICATE-ID-001</EndToEndId> <!-- ⛔️ DUPLICAT -->
        </PmtId>
        <Amt>
          <InstdAmt Ccy="EUR">100.00</InstdAmt>
        </Amt>
        <CdtrAgt>
          <FinInstnId>
            <BIC>BNPAFRPPXXX</BIC>
          </FinInstnId>
        </CdtrAgt>
        <Cdtr>
          <Nm>Destinataire 2</Nm>
        </Cdtr>
        <CdtrAcct>
          <Id>
            <IBAN>FR7630006000019876543210987</IBAN>
          </Id>
        </CdtrAcct>
      </CdtTrfTxInf>
    </PmtInf>
  </CstmrCdtTrfInitn>
</Document>
